1898 3236
906 834 1042 891 VIII

347 984 558 1022 Postremo
589 983 630 1021 in
659 982 738 1020 hac
769 982 1107 1021 commentatione
1140 982 1227 1022 eius
1252 988 1433 1031 saturae,
1467 984 1531 1022 cui

837 1082 1124 1117 EUMENIDES

193 1213 197 1217 .
234 1176 486 1226 inscribitur,
525 1189 604 1214 non
641 1181 722 1213 tam
756 1179 1026 1226 pertractare,
1064 1188 1184 1227 quam
1213 1175 1402 1214 tenuibus
1430 1173 1550 1216 lineis
1581 1176 1718 1216 adum-

233 1248 351 1286 brare
368 1250 646 1297 argumentum
669 1246 736 1303 vel
753 1253 908 1298 partem
927 1246 1153 1297 argumenti
1174 1246 1373 1285 constitui.
1408 1245 1527 1297 Quod
1551 1248 1657 1287 enim
1678 1248 1719 1286 in

235 1320 324 1359 aliis
357 1317 504 1357 saturis
526 1315 576 1355 ob
600 1304 847 1367 paucitatem
862 1317 1125 1374 reliquiarum
1145 1316 1305 1366 accidit,
1331 1322 1376 1355 ut
1392 1317 1540 1356 certius
1562 1316 1719 1357 definiri

236 1404 285 1429 ac
314 1403 386 1441 per
415 1392 551 1440 partes
578 1400 672 1426 suas
702 1388 883 1440 reparari
907 1393 1186 1439 argumentum
1210 1401 1293 1427 non
1316 1389 1454 1439 possit,
1485 1388 1560 1427 hoc
1579 1389 1719 1428 nescio

235 1473 288 1498 an
316 1459 358 1498 in
388 1459 466 1497 hac
494 1457 681 1498 ubertate
713 1458 1049 1510 fragmentorum,
1088 1474 1169 1513 qua
1205 1461 1333 1499 vincit
1359 1459 1539 1512 reliquas
1570 1473 1719 1508 omnes,

233 1529 509 1582 prohibeatur.
555 1529 750 1570 Attamen
774 1530 914 1570 videor
943 1531 1040 1569 mihi
1070 1532 1303 1583 primarium
1333 1532 1477 1571 saltem
1508 1531 1595 1569 eius
1627 1544 1719 1570 con-

235 1600 368 1639 silium
407 1613 456 1639 ae
494 1601 743 1652 peculiarem
781 1603 998 1651 rationem,
1045 1602 1201 1656 quaid
1240 1602 1369 1641 Varro
1410 1607 1626 1641 exsecutus
1655 1602 1719 1650 sit,

235 1684 317 1709 non
354 1670 674 1722 improbabiliter
709 1674 882 1712 eruisse:
926 1673 1035 1712 unde
1073 1674 1344 1726 proficiscenti
1381 1673 1552 1711 fortasse
1581 1673 1722 1712 licebit

194 1771 201 1775 .
236 1739 454 1792 aliquando
487 1741 608 1780 etiam
636 1741 796 1794 reliqua
822 1743 1049 1795 fragmenta
1072 1757 1144 1783 suo
1173 1749 1314 1790 tenore
1343 1743 1605 1782 intertexere.
1654 1743 1719 1781 In-

237 1811 456 1862 scriptione
482 1810 764 1864 Aeschyleae,
803 1827 909 1865 quae
939 1820 1020 1852 tam
1049 1827 1198 1865 graeca
1229 1827 1350 1865 quam
1380 1813 1504 1852 Ennii
1533 1814 1721 1853 versione

235 1881 431 1920 Romanis
460 1887 556 1919 nota
587 1888 694 1931 erat,
728 1884 967 1936 tragoediae
997 1884 1278 1923 admonemur:
1321 1884 1524 1929 ac,Varr,o
1556 1885 1590 1923 is
1623 1890 1720 1933 erat,

238 1952 308 2004 qui
343 1965 432 1990 cum
464 1951 586 2002 nihil,
627 1954 736 2007 quod
774 1955 937 2012 quidem
966 1957 1059 1994 usui
1095 1967 1186 1994 esse
1213 1959 1370 2005 posset,
1414 1967 1438 1991 a
1463 1954 1610 1992 saturis
1638 1955 1722 1993 suis

238 2023 415 2062 alienum
436 2022 615 2073 haberet,
647 2027 821 2077 saepius,
845 2033 1035 2079 quantum
1057 2040 1130 2079 per
1155 2024 1308 2063 indices
1331 2030 1370 2063 et
1389 2024 1582 2076 reliquias
1603 2038 1721 2076 quas-

239 2093 330 2132 dam
376 2093 557 2133 iudicare
596 2094 711 2144 licet,
763 2110 786 2135 a
821 2110 972 2148 graeca
1005 2095 1217 2148 tragoedia
1254 2095 1423 2133 formam
1459 2107 1507 2132 ac
1542 2096 1720 2147 speciem

238 2165 300 2203 his
332 2165 535 2217 opusculis
570 2171 788 2217 repeteret.
848 2166 974 2206 Velut
1002 2168 1045 2205 in
1073 2171 1281 2204 Pnomsrnso
1304 2170 1475 2202 Lmnnnb
1509 2165 1586 2218 (sic
1617 2167 1723 2206 enim

238 2241 350 2274 recte
387 2235 528 2286 opinor
558 2236 810 2276 Ritschelius
844 2236 1010 2276 inscribi
1046 2237 1173 2276 suasit
1209 2236 1259 2274 de
1305 2236 1546 2286 logistoricis
1585 2250 1624 2288 p.
1670 2243 1722 2286 14,

239 2320 481 2358 quamquam
500 2304 621 2361 idem,
645 2308 784 2345 nescio
806 2308 1042 2347 consultone
1062 2322 1114 2346 an
1144 2320 1252 2354 casu,
1276 2319 1405 2357 nuper
1430 2306 1473 2344 in
1495 2320 1602 2345 novo
1623 2321 1721 2346 mus.

239 2377 369 2415 Rhen.
398 2377 484 2415 XII
510 2390 550 2428 p.
576 2383 643 2417 152
672 2376 886 2428 probatum
911 2377 1088 2417 Oehlero
1120 2382 1354 2414 Pnommnssmu
1379 2382 1535 2414 Lumaum
1564 2378 1721 2430 retulit)

238 2448 374 2486 herois
404 2448 491 2486 eius
516 2445 700 2486 Caucaso
727 2448 842 2486 affixi
870 2448 1086 2498 imaginem
1108 2448 1393 2499 querellasque
1419 2460 1466 2485 ae
1487 2446 1722 2486 detestatio-

241 2532 313 2557 nes
344 2517 396 2556 ad
423 2517 600 2569 aliquam
630 2516 854 2571 Aeschylei
885 2517 1059 2568 exempli
1085 2516 1387 2555 similitudinem
1418 2517 1591 2556 effinxit.
1636 2518 1721 2570 Ap·

240 2589 356 2641 posui
386 2588 491 2627 infra
520 2588 591 2639 qui
620 2587 698 2625 huc
727 2587 980 2638 pertinerent
1010 2599 1172 2625 versus:
1693 2590 1698 2598 ‘

358 2686 374 2718 l
1014 2689 1081 2726 eqo
1111 2678 1252 2726 infelix
1282 2678 1357 2715 min
1386 2689 1522 2726 queam

454 2749 533 2786 Vim
555 2750 793 2797 *propulsare
823 2753 936 2796 atque
967 2748 1160 2786 inimicum
1186 2749 1283 2785 Orco
1310 2748 1522 2786 inmittere:

446 2820 687 2867 Nequiquam
717 2830 833 2867 saepe
863 2819 1020 2857 aerdcas
1050 2821 1200 2856 manuis
1229 2819 1426 2866 compedes

446 2891 568 2927 Cono'r
596 2892 788 2927 revellere.
966 2878 969 2879 ⁷
