1898 3236
225 291 303 332 102
797 300 1137 331 CONJECTANEA.

221 405 349 445 semel
380 405 496 443 metri
533 404 666 443 studio
707 419 731 443 a
767 405 959 444 memoria
987 405 1376 456 Nonii-recesseris,
1413 419 1492 444 non
1518 420 1599 445 una
1628 407 1700 447 sed

217 476 354 528 plures
384 476 478 514 viae
508 489 648 514 versus
680 475 919 515 restituendi
949 476 1202 528 aperiuntur:
1244 477 1404 517 interim
1433 476 1576 516 videor
1605 478 1702 516 mihi

218 547 331 585 nulla
349 545 579 590 mutatione
608 544 680 584 sed
713 559 824 585 mera
860 546 1140 586 distributione
1175 549 1411 589 tolerabiles
1451 552 1701 602 septenarios

217 617 413 656 'iambicos
443 616 645 655 nancisci:

503 723 512 731 .
543 697 697 734 navibz'cs
727 697 916 734 duodecim
946 698 1088 734 domum
1112 699 1327 747 profectum

418 768 552 803 Decem
580 767 697 803 a'nnos
721 768 852 804 solidos
881 766 1033 804 e'rrasse

216 845 303 883 sive
330 845 458 883 mavis
489 848 691 884 erravisse:
721 846 762 884 in
794 850 938 884 neutra
967 846 1166 897 scriptura
1193 847 1244 886 de
1276 847 1393 886 huius
1429 862 1571 887 versus
1610 862 1700 887 cae-

216 929 309 953 sura
339 914 605 955 haerendum:
646 922 686 956 et
721 917 918 970 superiori
957 916 1118 957 videtur
1157 933 1206 958 ex
1241 919 1458 970 composito
1493 920 1703 965 excusatio

216 992 372 1038 parata.

328 1057 449 1096 Aliae
475 1056 674 1109 reliquiae
696 1058 826 1109 ipsam
847 1059 1059 1113 Odysseae
1082 1060 1351 1098 narrationem
1377 1066 1699 1112 repraesentant,

216 1133 261 1165 ut
290 1127 336 1165 fr.
369 1133 430 1168 14:

422 1207 544 1244 Omnis
568 1209 724 1245 inritans
753 1214 874 1247 ventos
902 1221 1094 1259 omnesque
1118 1212 1324 1257 procellas.-

217 1302 335 1340 quem
364 1288 642 1326 hexametrum
673 1295 862 1328 accurate
895 1304 946 1329 ex
978 1290 1191 1344 Odysseae
1221 1291 1257 1329 V
1284 1297 1352 1332 292
1382 1286 1508 1336 πάσας
1540 1282 1576 1328 δ’
1612 1282 1701 1342 ὀρό-

218 1360 344 1395 θυνεν
367 1349 505 1405 ἀέλλας
531 1358 740 1398 Παντοίων
768 1353 924 1411 ἀνέμων
950 1375 1186 1413 expressum
1205 1361 1341 1400 licebit
1361 1361 1411 1399 ad
1433 1361 1616 1409 cundem,
1642 1361 1700 1407 Vde

218 1442 297 1480 quo
330 1441 468 1466 versus
496 1429 662 1470 Homeri
686 1438 823 1482 agunt,
854 1431 1087 1483 Neptunum
1111 1432 1275 1470 referre.
1325 1433 1371 1469 In
1400 1431 1474 1469 hac
1493 1437 1625 1469 autem
1642 1431 1700 1469 la-

216 1503 290 1540 tini
320 1516 459 1541 versus
488 1517 575 1541 cum
603 1515 751 1554 graeco
778 1501 1061 1549 similitudine,
1093 1514 1198 1554 quae
1220 1516 1299 1540 non
1330 1502 1433 1552 fugit
1459 1502 1700 1553 Roeperum,

216 1574 335 1611 miror
365 1574 536 1612 eundem
569 1587 640 1625 pro
667 1574 822 1623 integro
849 1572 1084 1611 hexametro
1114 1572 1293 1610 mutilum
1325 1572 1514 1610 maluisse
1546 1573 1699 1612 Aristo·

217 1644 420 1694 phanium.
479 1644 571 1682 Non
605 1643 812 1682 obscurius
843 1644 1010 1685 Homeri
1042 1643 1306 1681 imitationem
1334 1643 1469 1694 prodit
1498 1645 1544 1682 fr.
1579 1651 1640 1685 15:

420 1723 546 1771 Ipsum
575 1723 719 1765 cividnm
750 1725 829 1760 vino
859 1722 1010 1760 invitavi·
1026 1722 1146 1770 poclis
1176 1724 1278 1770 larqe
1308 1727 1415 1770 alque
1442 1724 1605 1772 benique.
1646 1726 1649 1730 “

218 1802 334 1852 Quae
357 1801 406 1839 de
427 1801 678 1853 Polyphemo
704 1800 783 1838 dici
809 1801 875 1838 vel
906 1800 956 1838 ad
977 1800 1218 1853 Polyphemi
1242 1800 1419 1838 fabulam
1443 1801 1701 1840 Homericam

215 1872 314 1923 fingi
345 1872 437 1910 olim
466 1870 768 1910 intellexerunt.
810 1869 1137 1921 Aristophanium
1168 1869 1398 1907 Meinekius
1430 1873 1606 1922 agnovit,
1632 1876 1702 1925 qui

210 1946 329 1991 poclis
356 1957 429 1995 pro
453 1945 597 1992 poculis
625 1940 794 1979 rescribi
820 1941 958 1978 suasit.
1020 1939 1103 1979 Sed
1132 1940 1173 1977 in
1202 1941 1345 1980 ceteris
1366 1953 1527 1993 quoque
1554 1943 1701 1983 leviter

216 2019 441 2064 peccarunt
464 2012 639 2051 librarii:
672 2012 730 2049 sic
760 2011 864 2048 enim
886 2011 975 2048 libri
998 2011 1183 2062 plerique
1213 2023 1251 2060 p.
1283 2017 1368 2058 321,
1401 2017 1462 2051 29:
1492 2015 1582 2049 audi
1599 2016 1702 2055 vino;

219 2084 376 2122 Genev.
407 2084 505 2131 (non
538 2081 767 2129 Wolfenb.)
801 2087 841 2119 et
866 2083 987 2120 Born.
1019 2083 1142 2119 audivi
1168 2093 1255 2126 non,
1287 2080 1395 2131 quod
1419 2082 1559 2120 eodem
1583 2082 1701 2121 redit.

218 2155 381 2205 Lipsius
411 2153 452 2190 in
484 2154 597 2204 epist.
626 2152 933 2206 quaestionibus
961 2153 1022 2191 IV
1050 2158 1096 2193 23
1124 2153 1229 2197 avide
1257 2154 1356 2199 vine,
1389 2152 1594 2190 Mercerus
1625 2157 1701 2191 avi—

216 2227 303 2261 dum
332 2226 527 2271 epniecit:
558 2230 745 2262 neutrum
774 2224 933 2274 inepte,
963 2223 1036 2262 sed
1063 2222 1142 2261 hoc
1169 2227 1375 2273 praestare
1407 2221 1585 2261 arbitror.
1636 2223 1702 2260 Iu-

215 2298 324 2332 vitari
352 2295 458 2347 quod
492 2301 552 2333 est
586 2295 626 2332 in
659 2293 771 2331 libris
803 2293 970 2331 forsitan
1006 2284 1153 2332 iniuria
1188 2298 1423 2344 spernatur,
1459 2306 1699 2345 quamquam

216 2365 337 2403 valde
362 2365 500 2415 placet
528 2364 658 2415 Lipsii
691 2367 847 2401 invitavi.

329 2435 481 2473 Similis
509 2434 580 2473 sed
610 2448 689 2471 non
720 2447 881 2485 compar
912 2434 1015 2471 ratio
1045 2438 1106 2472 est
1136 2434 1182 2471 fr.
1211 2439 1274 2473 24:
1616 2486 1624 2490 V

418 2516 574 2550 Adversa·
602 2516 697 2550 venti
725 2515 950 2550 ceciderunt.-
986 2514 1105 2549 album
1132 2517 1186 2549 esl
1212 2524 1325 2549 mare.
1379 2513 1476 2559 quod
1494 2514 1701 2560 siperyaeml

416 2585 547 2620 diutius
576 2595 680 2619 mare
710 2585 860 2629 volvere,
890 2594 1020 2619 vereor
1050 2595 1095 2619 ne
1124 2596 1180 2621 me
1206 2596 1359 2633 quoque,
1387 2595 1467 2620 cum
1489 2584 1632 2620 domum
1655 2584 1699 2619 ab

416 2654 484 2690 Ilio
513 2656 642 2690 cossim
671 2658 874 2698 revertero,
896 2658 1052 2700 praeter
1082 2665 1210 2691 canem
1241 2660 1434 2703 coynoseat
1462 2666 1577 2691 nemo.

216 2732 333 2782 Quae
360 2746 437 2769 non
468 2738 671 2783 tamquam
705 2737 871 2782 peracta
908 2744 932 2768 a
962 2737 1192 2779 narratore,
1237 2732 1309 2771 sed
1346 2733 1386 2770 iu
1417 2732 1549 2770 medio
1581 2744 1697 2769 cursu

214 2802 412 2840 maritimo
452 2801 531 2839 dici
570 2801 769 2839 videntur.
848 2801 937 2839 Nec
972 2803 1056 2852 agit
1090 2802 1143 2850 is,
1187 2803 1257 2854 qui
1294 2803 1395 2841 haec
1435 2802 1558 2839 verba
1595 2800 1697 2846 edit,

217 2871 401 2920 Ulixem,
429 2871 500 2909 sed
530 2885 621 2909 suos
650 2884 803 2909 errores
831 2886 919 2909 cum
946 2872 1082 2910 Ulixis
1109 2871 1405 2910 calamitatibus
1435 2870 1600 2907 confert.
1637 2870 1698 2907 Dc

217 2954 317 2979 cane
350 2941 483 2980 Ulixis
512 2942 646 2980 omnia
670 2947 766 2980 nota
787 2948 891 2980 sunt.
925 2941 1061 2980 Verba
1082 2942 1225 2992 scripsi
1255 2954 1393 2992 supra,
1418 2945 1462 2977 ut
1493 2938 1694 2978 Oehlcrus
