1898 3236
740 280 1082 312 com-ECTANEA.
1265 324 1267 327 ι
1576 269 1652 308 107

167 391 307 438 sciam,
338 390 530 434 intentius
562 388 714 439 attigit:
744 401 820 426 nec
848 399 1044 440 prospere
1075 385 1198 424 cessit
1228 383 1470 423 emendandi
1495 384 1654 435 pericu-

166 461 251 500 lum
281 459 479 500 Oehlero:
516 463 598 499 vias
633 463 847 509 stelliyeras
881 459 1048 496 aetheris
1076 458 1280 504 explicans
1309 458 1400 493 ac're
1432 467 1525 493 cavo
1553 457 1655 492 soni-

168 538 246 571 tum
269 535 391 571 emisit
418 534 622 576 coturnix:
651 543 757 583 quae
785 528 984 582 quomodo
1011 527 1194 577 intellegi
1215 526 1338 574 velit⁷
1366 527 1526 577 legatur
1548 525 1658 578 apud

168 605 312 656 ipsum.
371 602 533 642 Infelici
575 607 710 641 autem
751 599 1025 640 emendationi
1058 611 1148 636 cum
1185 598 1369 636 Kochius
1407 597 1655 645 adhaeserit,

169 689 221 714 ne
258 676 347 727 ipse
384 673 547 727 quidem
583 673 800 726 quicquam
835 669 1047 723 probabile
1086 670 1334 719 excogitavit
1370 670 1427 708 in.
1453 683 1586 708 exerc.
1615 683 1654 722 p.

169 753 228 786 30.
288 745 428 785 Voluit
465 750 600 783 autem
639 749 854 796 exceptum
884 757 908 782 a
936 741 1118 794 pedestri
1147 755 1331 780 sermone
1360 742 1654 793 septenarium:

369 847 546 885 Aetheris
576 846 657 885 vids
685 848 898 895 stelliqeras
923 845 1128 894 explicans
1157 856 1250 882 cavo
1282 844 1372 881 cic'rc

225 921 389 956 sonitum
418 919 505 955 eicit
534 918 729 955 coturnix.

169 1020 311 1071 Longe
330 1018 578 1072 prudentius
605 1019 646 1057 in
677 1032 725 1057 eo
754 1018 981 1069 fragmento
1010 1017 1222 1069 Roeperus
1254 1015 1493 1064 elaboravit,
1525 1016 1594 1068 qui
1619 1020 1659 1054 et

155 1090 339 1143 ¹probam
365 1089 812 1128 sententiam-restituit
841 1093 882 1127 et
905 1087 1131 1140 dactylicos
1161 1100 1349 1126 numeros
1381 1087 1564 1138 agnovit:

404 1209 407 1211 ·
443 1222 451 1230 .
483 1222 490 1231 .
524 1223 532 1230 .
567 1192 750 1244 [perque]
784 1194 865 1230 vias
895 1192 1045 1229 aetheri
1053 1196 1061 1206 '
1093 1193 1307 1240 stelligeras

374 1264 560 1312 Explicat
588 1275 679 1302 aere
702 1276 795 1302 cavo
823 1266 987 1302 sonitum
1018 1264 1080 1300 lu'c
1109 1266 1322 1300 nocturnus
1351 1290 1360 1297 .

174 1365 364 1418 Suppleri
395 1371 435 1404 et
455 1378 618 1403 versum
647 1370 687 1403 et
717 1365 1111 1416 enuntiatum-posse
1132 1363 1200 1402 vel
1231 1364 1310 1401 sic:
1335 1356 1544 1412 xeoaulng‚
1571 1361 1658 1398 vel:

172 1438 219 1474 ab
243 1447 334 1473 arce
359 1437 587 1474 Excubitor.
640 1436 777 1475 Unum
807 1444 882 1484 est,
914 1435 964 1474 de
998 1448 1077 1487 quo
1114 1447 1232 1472 secus
1264 1434 1415 1472 sentio:
1459 1446 1539 1470 non
1570 1445 1661 1470 esse

172 1507 250 1545 hoo
289 1507 489 1546 distichon
501 1538 534 1565 z·
549 1507 623 1546 sed
658 1507 894 1546 hexametro
928 1506 1132 1559 praemitti
1161 1505 1272 1543 aliud
1298 1518 1427 1556 genus
1457 1516 1661 1542 versuum.

176 1577 278 1617 Cum
315 1579 421 1617 enim
456 1592 508 1616 ne
550 1578 628 1616 hoc
666 1577 830 1630 quidem
869 1592 894 1615 a
934 1578 1118 1616 Varrone
1155 1576 1331 1614 alienum
1365 1573 1576 1620 videatur,
1621 1573 1662 1610 in

175 1647 319 1686 eadem
361 1649 586 1687 sententiae
634 1647 994 1700 comprehensione
1026 1652 1154 1686 metra
1185 1646 1350 1685 diversa
1378 1645 1662 1696 conglutinari,

175 1720 311 1758 malim
336 1725 497 1758 servato
527 1718 741 1759 verborum
767 1718 907 1757 ordine
937 1719 1146 1770 superiora
1171 1718 1228 1756 ita
1259 1716 1433 1756 dimetiri

651 1814 732 1851 via's
760 1815 975 1862 stelliyeras
1003 1813 1171 1851 aetheris

430 1874 448 1887 ⁸-

176 1921 220 1954 ut
246 1916 315 1954 vel
341 1916 562 1967 septenarii
593 1916 725 1954 exitus
750 1916 812 1954 sit.
858 1914 1053 1954 Consulto
1084 1914 1162 1953 hoc
1191 1913 1314 1952 valde
1345 1913 1525 1950 lacerum
1555 1912 1662 1961 frag-

175 1992 354 2025 mentum
381 1987 498 2039 posui
528 1986 568 2023 in
598 1986 769 2024 confinio
799 1987 962 2025 illarum
992 1986 1265 2038 reliquiarum,
1296 1997 1400 2036 quae
1428 1995 1584 2020 errores
1617 1996 1664 2020 ac

175 2058 544 2110 peregrinationem
571 2058 763 2105 referunt,
797 2062 837 2095 ct
866 2057 1020 2105 harum,
1049 2070 1150 2109 quas
1175 2055 1366 2110 deinceps
1390 2055 1548 2106 scripsi,
1579 2054 1663 2105 qui—

176 2129 251 2167 bus
289 2130 443 2167 animus
483 2127 614 2166 subito
654 2142 678 2166 a
715 2127 868 2166 reditus
909 2126 1207 2166 calamitatibus
1240 2125 1291 2164 ad
1320 2125 1489 2164 militem
1519 2138 1567 2163 ac
1596 2125 1664 2162 mi-

176 2200 305 2238 litiam
339 2200 566 2238 Romanam
595 2198 832 2237 advertitur.

291 2307 314 2341 6
380 2302 594 2348 Antequam
626 2301 759 2336 militia
789 2301 970 2337 subactus
1000 2301 1143 2348 aliquot
1173 2300 1286 2336 annis
1316 2303 1414 2336 erat.

291 2396 314 2429 2
381 2391 429 2427 Iu
459 2391 600 2427 castris
626 2392 845 2437 permansi:
879 2392 967 2428 inde
994 2391 1184 2427 caballum
1211 2392 1356 2427 reduxi
1383 2391 1436 2426 ad
1458 2400 1667 2427 censorem.

294 2487 316 2521 3
385 2481 523 2528 Itaque
558 2483 780 2518 tum‘ecum
810 2483 1026 2519 mordacem
1058 2483 1302 2519 calcitronem
1331 2482 1531 2519 horridum
1565 2482 1670 2516 miles

383 2553 518 2606 acyir
547 2564 622 2590 non
655 2554 805 2590 vitabat.

294 2639 354 2692 4²,
383 2643 508 2701 Nunc
531 2625 671 2680 'emunt
706 2645 863 2681 trossuli
886 2645 1021 2681 ‚nardo
1059 2644 1170 2680 nitidi
1211 2644 1321 2691 vulyo
1364 2644 1487 2679 Attico
1526 2643 1668 2678 talento

383 2723 502 2750 ccum.

181 2803 250 2841 Fr.
279 2808 300 2843 6
327 2815 415 2840 cum
444 2802 484 2839 in
515 2800 628 2840 libris
653 2815 693 2853 p.
715 2807 797 2849 401,
822 2808 865 2842 12
895 2803 947 2841 sit
975 2805 1095 2851 mitia,
1126 2804 1335 2842 Mercerus
1370 2803 1470 2841 scite
1491 2802 1670 2853 reposuit

183 2876 334 2911 militia:
373 2886 493 2925 quam
529 2876 664 2910 tamen
701 2885 844 2923 parum
871 2872 1005 2911 lenem
1035 2874 1326 2912 correctionem
1358 2873 1569 2923 Roeperus
1599 2871 1667 2910 ha-

182 2943 288 2982 buit:
339 2943 448 2982 dicat
477 2942 584 2981 unde
616 2948 744 2981 ortum
781 2947 894 2994 putet
922 2943 1035 2981 velut
1060 2943 1138 2982 hoc
1168 2943 1275 2994 quod
1302 2942 1410 2994 apud
1433 2943 1670 2982 Ciceronem
