1898 3236
259 265 312 306 32
828 270 1167 301 οοΝιΕοΤΑΝΕΑ.

256 383 327 418 lico
364 378 405 416 in
443 377 636 416 Leidensi
671 378 841 414 cubiculo
878 375 1070 426 seriptum
1111 380 1185 413 est.
1240 375 1349 425 Ergo
1381 374 1434 412 ad
1464 376 1732 414 coniecturam

258 463 322 488 res
354 447 492 494 rediit,
524 460 643 498 quam
674 446 832 483 fortiter
863 458 1079 495 aggressus
1111 443 1310 484 Oehlerus
1341 446 1398 484 ita
1426 446 1538 484 visus
1567 451 1628 484 est
1657 445 1733 484 sibi

257 518 383 558 verba
412 517 605 556 Varronis
636 516 886 554 restituisse:
933 516 980 554 In
1019 518 1184 554 bucolico
1215 518 1381 554 dormire
1411 518 1559 554 mallem
1593 519 1735 553 scilicet

254 593 398 637 potius,
430 599 550 624 meum
574 591 698 625 vinum
720 588 904 624 cibarium
926 600 1040 636 quam
1066 599 1134 636 eqo
1157 590 1329 625 dominus
1351 592 1557 635 qustarem.
1603 585 1735 637 Quam

258 659 419 712 quidem
453 657 774 697 emendationem
802 656 878 694 hac
905 656 1164 696 adnotatione
1195 658 1421 696 confirmat:
1465 657 1644 696 ‘Retinui
1668 658 1734 694 bu-

254 734 388 776 colico,
418 729 525 782 quod
549 727 893 779 interpretandum
912 741 1002 767 esse
1024 734 1121 780 puto
1141 728 1191 767 de
1215 729 1372 779 tugurio
1393 728 1598 775 bucolico,
1627 726 1735 780 quod

257 815 356 840 sane
389 798 755 853 perincommodum
789 798 1014 837 cubiculum
1048 806 1121 839 est.
1173 799 1311 839 Verba
1331 799 1520 838 videntur
1547 812 1638 837 esse
1663 797 1731 835 do-

256 873 351 909 mini
388 871 456 910 vel
492 868 731 923 praebitoris
770 869 964 918 convivii,
1009 871 1076 922 qui
1104 868 1239 921 lepide
1269 869 1500 921 profitetur,
1538 882 1582 907 se
1609 867 1732 906 multo

255 944 389 995 potius
418 940 539 979 malle
564 940 758 978 maximas
786 940 1134 979 incommoditates
1155 940 1359 992 perferre,
1392 953 1512 991 quam
1541 938 1734 977 cibarium

256 1027 393 1061 suum,
425 1011 531 1065 quod
561 1012 602 1049 in
634 1010 738 1049 cella
761 1019 916 1060 servet,
947 1014 1083 1051 vinum
1110 1016 1287 1064 gustare.
1347 1009 1430 1048 Sed
1459 1011 1500 1048 in
1533 1016 1615 1048 tam
1647 1022 1731 1048 cor-

255 1090 372 1136 rupto
401 1083 490 1121 loco
516 1082 583 1120 vel
613 1082 845 1120 coniectura
876 1080 1054 1119 difficilis
1088 1083 1179 1120 est?
1237 1082 1353 1120 Haec
1383 1081 1475 1129 ille,
1519 1082 1559 1119 in
1590 1080 1733 1132 quibus

257 1168 331 1205 ego
361 1154 541 1205 leporem
569 1151 739 1198 nullum,
779 1165 831 1189 ne
862 1165 1003 1190 sanum
1032 1140 1195 1203 {luidem
1223 1165 1384 1190 sensum
1412 1152 1612 1203 percipio:
1656 1164 1732 1189 nec

254 1225 354 1263 illud
383 1237 504 1275 aegre
530 1223 636 1270 fero,
666 1221 773 1273 quod
797 1222 1003 1261 infelicem
1030 1224 1301 1262 coniecturam
1327 1223 1508 1275 peperit,
1538 1221 1611 1261 sed
1638 1234 1730 1259 cou-

254 1295 461 1334 fidentiam
486 1292 761 1346 reprehendO,
793 1306 874 1345 qua
899 1306 968 1340 ea,
1004 1300 1107 1345 quae
1140 1307 1190 1332 ne
1220 1293 1295 1331 sibi
1325 1293 1487 1346 quidem
1510 1294 1587 1344 ipsi
1616 1294 1731 1331 satis-

255 1365 391 1404 facere
432 1364 652 1416 significat,
698 1363 739 1400 in
776 1362 970 1402 Varronis
1015 1362 1142 1402 verba
1183 1369 1335 1402 temere
1376 1363 1522 1402 intulit.
1595 1365 1731 1403 Missis

254 1436 374 1485 igitur
405 1435 493 1473 istis
523 1447 546 1471 a
573 1434 696 1471 Nonii
727 1432 1016 1485 exemplarium
1046 1434 1245 1485 scriptura
1274 1438 1315 1472 et
1344 1434 1544 1484 saniorum
1573 1435 1729 1472 critico-

253 1518 340 1543 rum
369 1504 517 1542 iudicio
546 1503 861 1555 proficiscamur.
920 1505 1083 1543 Etenim
1117 1504 1211 1542 olim
1239 1505 1376 1542 Iunius
1406 1505 1553 1556 partim
1580 1505 1730 1547 verita-

253 1581 335 1613 tem
363 1581 572 1614 assecutus
610 1580 670 1613 est
699 1575 855 1627 partim
878 1574 1110 1613 inveniendi
1140 1587 1279 1613 verum
1308 1575 1418 1613 viam
1449 1576 1625 1626 aperuit,
1665 1576 1732 1627 qui

254 1651 419 1698 recepta
456 1659 546 1684 cum
585 1645 776 1684 Leidensi
812 1648 982 1683 cubiculo
1018 1644 1193 1683 lectione
1232 1658 1303 1696 pro
1339 1647 1512 1683 dominus
1552 1645 1734 1697 reposuit

253 1719 352 1754 domi
381 1722 421 1754 et
453 1729 474 1754 e
499 1720 630 1765 potius
659 1715 861 1755 subtiliter
890 1722 1007 1764 potus
1048 1715 1205 1754 elicuit:
1245 1720 1288 1752 ut
1325 1714 1377 1753 ad
1414 1715 1522 1753 Iunii
1558 1720 1733 1753 mentem

252 1786 355 1824 haec
385 1787 437 1824 sit
462 1787 584 1825 totius
615 1787 829 1838 fragmenti
856 1786 1141 1824 conformatio:
1173 1786 1222 1822 In
1247 1787 1417 1823 cubiculo
1446 1788 1612 1822 dormire
1638 1787 1732 1822 mal-

251 1860 342 1903 lem,
381 1861 523 1896 scilicet
550 1864 664 1907 potus
693 1861 818 1896 vinum
850 1868 970 1894 meum
1000 1858 1206 1902 cibarium,
1246 1869 1360 1904 quam
1393 1867 1459 1904 eqo
1490 1858 1590 1893 domi
1616 1857 1731 1893 cuba·

251 1939 343 1965 rem.
404 1928 453 1966 In
484 1928 626 1980 quibus
654 1929 823 1981 primum
848 1927 955 1980 quod
982 1927 1063 1964 illis
1086 1932 1203 1975 polus
1233 1929 1358 1963 vinum
1389 1937 1510 1964 meum
1546 1928 1746 1963 cibarium·

252 1998 460 2036 commode
493 1999 739 2050 respondeat
770 1998 1041 2037 desideratur:
1078 1997 1120 2035 id
1149 1996 1257 2048 quod
1283 2010 1304 2034 e
1335 1999 1507 2034 dominus
1533 1996 1731 2048 scriptura

250 2068 307 2105 ita
345 2069 526 2106 nancisci
562 2070 750 2120 contigit,
799 2074 862 2117 ut,
910 2074 1079 2120 accepta
1116 2081 1140 2105 a
1177 2066 1292 2104 Iunio
1331 2069 1432 2105 domi
1468 2066 1729 2114 correctione,

252 2138 372 2176 etiam
401 2140 567 2190 propius
593 2153 617 2177 a
642 2138 834 2177 librorum
861 2139 1052 2178 memoria
1077 2140 1178 2176 donli
1201 2140 1349 2175 ieiunus
1372 2136 1580 2176 scribatur.
1628 2137 1731 2174 Eam

251 2209 357 2245 enim
394 2222 537 2247 vocem
575 2209 696 2247 etiam
731 2209 782 2248 de
821 2216 940 2261 potus
975 2207 1218 2250 abstinentia
1256 2207 1355 2254 dici,
1394 2213 1437 2245 ut
1465 2207 1619 2244 mittam
1649 2207 1731 2244 alia

252 2279 457 2330 exempla,
488 2279 530 2317 hi
553 2277 772 2318 Iuvenalis'
789 2293 931 2319 versus
963 2277 1179 2316 ostendunt
1209 2277 1290 2316 XV
1315 2282 1358 2317 47
1389 2290 1476 2329 sqq.

453 2352 558 2388 Adde
589 2353 691 2399 quod
719 2355 755 2388 et
780 2351 910 2398 facilis
939 2350 1097 2387 victoria
1127 2349 1173 2385 de
1205 2349 1366 2384 madidis
1395 2353 1430 2383 el

451 2421 602 2458 Blaesis
632 2427 745 2468 atque
775 2432 878 2458 mero
906 2421 1160 2457 titubantibus.
1215 2420 1301 2455 inde
1332 2421 1497 2455 virorum

450 2491 622 2529 Saltatus
649 2494 758 2539 niqra
788 2493 960 2535 tibicine,
990 2491 1281 2537 qualiacumque

458 2563 657 2610 Unquenca
681 2568 718 2599 ec
739 2564 856 2610 flores
884 2563 1098 2607 multaeque
1127 2561 1166 2596 in
1193 2559 1324 2606 fronte
1350 2570 1526 2605 coronae,

450 2633 553 2670 Hinc
580 2636 747 2671 ieiunum
778 2635 915 2670 odium.

249 2700 332 2739 Sed
361 2714 412 2738 ne
450 2701 581 2740 altera
618 2702 781 2754 quidem
810 2700 1075 2740 membrorum
1106 2700 1328 2751 oppositi0,
1370 2712 1473 2750 quae
1505 2705 1567 2737 est
1594 2699 1635 2736 in
1664 2698 1726 2736 his

246 2774 285 2808 in
314 2774 485 2810 cubiculo
516 2778 557 2810 et
585 2775 701 2819 domi,
746 2773 919 2823 legentis
961 2772 1134 2809 animum
1171 2769 1322 2821 explet.
1382 2768 1561 2819 Quorum
1604 2781 1724 2806 mem-

247 2841 407 2880 brorum
432 2844 543 2894 prius
576 2843 759 2882 videmur
789 2842 1011 2880 coniunctis
1043 2840 1293 2879 diversorum
1331 2839 1514 2877 codicum
1546 2826 1724 2877 testimo-

246 2912 322 2948 niis
365 2913 440 2950 hoc
478 2913 597 2951 modo
633 2919 888 2952 restaurare:
938 2914 976 2949 in
1015 2914 1181 2949 bucolico
1213 2913 1394 2949 cubiculo.
1463 2908 1582 2960 Quod
1621 2910 1727 2947 enim
