1898 3236
739 294 1085 328 commeritum.
1601 285 1654 325 45

149 417 241 451 ‚non
274 389 520 450 maledicere,
545 405 684 453 pedem
711 405 752 440 in
780 403 912 451 focum
940 414 1016 440 non
1034 404 1230 451 inponere,
1260 402 1490 449 sacrificari,
1521 403 1560 438 in
1577 413 1654 450 pa-

164 477 290 513 tellam
317 477 414 512 dare
442 466 587 527 μικρὸν
617 471 743 526 κρέας.
785 473 976 512 Ceterum
1006 471 1059 510 cf.
1091 471 1142 511 dc
1171 471 1235 510 his
1259 471 1653 524 praeceptivaraht

165 546 253 583 neri
287 545 483 584 Varronis
523 543 644 583 Curio
673 549 801 596 p.'12.
860 543 963 582 Sunt
989 543 1078 582 alia
1119 542 1229 596 apud
1265 543 1463 591 Nonium,
1498 540 1541 581 in
1566 543 1652 596 qui-

164 614 239 653 bus
272 613 444 653 eandem
471 613 708 653 lacunarum
742 614 941 653 rationem
971 615 1159 654 constare
1192 615 1383 662 coniicio,
1413 627 1520 668 quae
1546 615 1654 654 n'un'c

166 686 292 725 mitto.
481 729 483 731 ¹
1514 683 1533 702 ⁸

276 752 431 797 Versus
461 756 678 808 septimum
703 762 745 795 et
774 762 975 805 octavum,
1018 757 1056 796 h.
1091 771 1126 796 e.
1156 762 1315 810 partem
1343 757 1515 796 alteram
1545 757 1654 808 frag·

163 817 439 879 menti-primi
474 826 631 865 Nonius
665 827 827 866 mutilos
863 814 997 880 potius
1028 842 1149 882 quam
1180 834 1388 881 corruptos
1421 828 1562 868 tradit:
1601 831 1655 866 ri-

162 906 248 938 ctus
272 901 530 948 parvissimus
570 903 613 935 ut
649 899 849 947 refrenato
887 902 969 941 risu
1004 912 1126 939 roseo.
1164 900 1254 957 -ΙιιΙ
1274 899 1419 954 quibus
1457 899 1555 952 quid
1585 899 1655 938 alii

164 969 453 1021 temptaverint
470 982 551 1007 non
576 977 689 1009 curo':
721 968 920 1023 Scaliger,
940 973 1052 1011 cuius
1072 971 1367 1011 restitutionem
1386 983 1509 1023 supra
1529 971 1652 1022 scrip-

165 1042 223 1088 si,
261 1042 407 1093 prioris
438 1050 590 1080 'versus
626 1042 901 1093 integritatem
935 1043 1195 1095 recuperavit
1229 1028 1459 1093 eleganter,
1476 1067 1479 1069 -
1499 1041 1573 1081 sed
1611 1047 1655 1080 ut

165 1111 288 1151 facile
319 1113 508 1150 vincatur
534 1111 585 1150 ab
609 1125 670 1160 eo,
702 1114 772 1166 qui
801 1113 997 1152 leniorem
1026 1113 1229 1153 medelam
1258 1113 1422 1152 afferat:

366 1183 415 1220 At
442 1185 565 1221 rictus
595 1186 674 1221 oris
699 1187 856 1223 candidi
879 1181 1136 1234 parvissimus

375 1254 422 1291 Ut
444 1254 646 1302 refrenato
678 1258 762 1293 risu
791 1268 901 1302 roseo
939 1255 958 1278 *

165 1324 229 1363 Ac
263 1323 472 1376 Roeperus
516 1324 558 1362 in
595 1338 643 1364 eo
677 1326 927 1383 probabilius
966 1326 1177 1378 Scaligero
1215 1328 1317 1378 egit,
1357 1325 1467 1379 quod
1494 1334 1656 1365 versum

166 1396 207 1434 in
236 1395 373 1443 initio,
418 1398 499 1434 non
526 1397 568 1435 in
597 1398 751 1447 medio,
783 1398 1006 1451 supplevit:
1045 1387 1090 1437 ut
1117 1398 1276 1436 Nonius
1306 1411 1387 1437 una
1419 1411 1508 1435 cum
1537 1411 1654 1450 supe-

103 1496 106 1497 r
148 1466 338 1506 ‘rioribus
372 1466 559 1506 versibus
594 1467 711 1506 huius
733 1481 864 1525 *voces
886 1470 1049 1520 ‘priores
1079 1469 1276 1508 omiserit:
1313 1469 1655 1522 quamquamad-

167 1537 432 1576 ditamentum
470 1538 648 1591 Roeperi
680 1541 811 1577 dentes
834 1542 1061 1578 *candentes
1103 1552 1185 1578 non
1225 1540 1459 1578 affirmarim
1496 1544 1658 1580 manum

166 1609 361 1648 Varronis
399 1608 566 1660 referre.
627 1609 729 1648 Mihi
768 1610 992 1660 consultius
1033 1610 1183 1648 visum·
1198 1616 1261 1649 est
1297 1611 1492 1649 intactam
1534 1612 1658 1650 Nonii

166 1680 402 1719 memoriam
429 1680 674 1734 relinquere,
705 1682 764 1720 sic
794 1682 877 1720 suis
907 1680 1092 1720 versibus
1124 1679 1396 1722 distributam:

765 1755 886 1791 rictus
906 1754 1166 1808 parvissimus

375 1825 421 1862 Ut
444 1823 649 1872 refrenato
678 1823 761 1862 risu
791 1835 901 1862 roseo

277 1894 344 1932 Fr.
367 1894 435 1933 III
458 1894 615 1932 Nonius
644 1908 684 1946 p.
707 1901 783 1942 135,
809 1902 856 1935 22
884 1895 1044 1934 scribit:
1074 1900 1175 1935 sulla
1198 1919 1249 1925 —-
1265 1895 1520 1944 demonstrat,
1549 1897 1657 1936 unde

166 1964 261 2003 olim
301 1972 526 2010 correctum
568 1970 631 2004 est
659 1968 784 2015 siyilla
811 1988 870 1995 —-
897 1970 1172 2007 demonstrant.
1232 1968 1406 2008 Videtur
1431 1968 1483 2007 de
1510 1969 1658 2015 lacuna

165 2038 207 2075 in
237 2043 372 2076 mento
399 2037 499 2076 dici:
531 2041 575 2074 ut
603 2035 832 2089 Appuleius
852 2037 1108 2089 Floridorum
1122 2040 1168 2079 II
1197 2047 1238 2082 15
1258 2044 1394 2079 cervix
1420 2040 1506 2079 suci·
1526 2045 1658 2090 plena,

163 2110 289 2146 malae
306 2109 455 2153 uberes,
485 2119 607 2158 yenae
625 2114 762 2147 teretes
780 2121 827 2147 ac
844 2111 965 2148 medio
984 2118 1107 2150 mento
1124 2114 1277 2158 lacuna,
1303 2117 1345 2150 et
1365 2110 1538 2151 Ovidius
1561 2113 1660 2151 artis

167 2180 390 2218 amatoriae
421 2179 489 2217 III
525 2184 614 2220 283:
671 2179 756 2217 Sine
785 2183 924 2219 modici
959 2185 1082 2220 rictus
1113 2195 1340 2231 parvaeque
1381 2186 1573 2232 utrimque
1603 2188 1659 2222 la-

165 2263 300 2289 cunae.
362 2241 446 2289 Sed
470 2252 596 2300 siyilla
626 2251 696 2302 qui
726 2263 776 2289 ea
804 2252 970 2291 notione
1002 2252 1170 2302 dixerit,
1214 2255 1374 2294 nescio:
1397 2250 1494 2308 Qec
1524 2255 1673 2307 placet

166 2322 358 2374 pluralis,
392 2323 457 2361 cui
486 2335 539 2360 nc
568 2303 684 2359 f'avet
715 2321 879 2373 quidem
909 2327 1146 2364 demonstrat
1167 2327 1388 2379 scriptura,
1417 2333 1462 2365 ut
1485 2327 1661 2366 fortasse

169 2393 280 2432 aliud
310 2394 352 2431 in
382 2393 452 2431 illo
484 2394 586 2430 sulla
613 2391 767 2446 lateat.>
800 2402 804 2405 ·

281 2464 470 2517 Denique
514 2461 655 2500 ultimo
699 2465 836 2503 versui
873 2465 989 2506 labes
1027 2467 1233 2517 inhaeret,
1250 2448 1410 2523 ‘quami
1431 2469 1659 2518 nemodum,

169 2542 214 2573 ut
248 2542 366 2587 puto,
410 2540 522 2574 recte
565 2536 750 2574 removit.
810 2537 958 2576 Tradit
993 2539 1099 2578 enim
1136 2539 1293 2595 Nonius
1330 2542 1389 2580 ita
1424 2556 1464 2594 p.
1495 2549 1584 2590 539,
1619 2548 1662 2583 12
1730 2558 1733 2560 ·

168 2605 353 2655 ‘regilla'
391 2608 504 2644 vestis
537 2609 754 2647 diminutive
783 2622 809 2647 a
840 2612 948 2660 reyia
977 2613 1100 2658 dicta,
1138 2618 1181 2651 ut
1209 2619 1247 2650 et
1274 2615 1454 2651 vasilica:
1494 2613 1571 2651 ‘an
1601 2625 1662 2651 re-

166 2681 297 2727 yillam
314 2680 524 2716 tuniculam
543 2681 714 2717 indutam
733 2693 785 2719 an
803 2684 1083 2721 mendicatum?
1119 2685 1244 2723 Varro
1265 2686 1309 2722 P.
1331 2686 1546 2723 ‘collum—
1558 2698 1662 2723 mor-

168 2761 291 2794 more,
337 2751 510 2798 reyillam
555 2754 722 2808 tunicom
774 2753 994 2803 diffinqitur
1025 2737 1241 2805 purpura?
1313 2755 1497 2808 Apposui
1534 2762 1662 2794 totum

134 2853 137 2855 .
168 2819 318 2859 lemma
345 2820 589 2869 Nonianum,
619 2823 663 2861 in
691 2835 771 2875 quo
802 2825 910 2873 insit,
941 2826 1050 2879 quod
1077 2827 1275 2867 adiuvare
1303 2840 1436 2866 meam
1464 2827 1659 2879 opinatio-

166 2903 262 2929 nem
293 2891 490 2931 videatur.
523 2888 525 2890 ¹
551 2894 655 2932 Puto
683 2895 790 2932 enim
814 2895 1040 2939 Varronem
1071 2900 1304 2951 scripsisse:

371 2964 560 3012 Reyinam
590 2966 799 3021 tunicula'm
828 2968 1024 3018 distinqui!
1047 2972 1246 3019 purpura.
