1898 3236
707 229 1052 263 commertium.
1500 212 1512 220 '
1551 220 1629 260 193

143 341 290 380 studet.
334 341 474 392 Atque
495 337 603 392 quod
625 338 858 377 Priscianus
879 337 941 376 VI
959 342 998 388 p.
1018 341 1087 377 684
1103 336 1162 374 P:
1190 336 1399 373 Varronem
1424 336 1471 371 de
1491 337 1630 372 nomis-

145 415 256 451 matis
285 411 447 458 citavit,
488 407 646 461 pridem
681 407 935 452 intellectum
972 412 1033 445 est
1069 404 1242 444 eandem
1271 404 1490 455 significari
1520 412 1628 444 satu-

143 497 242 531 ram,
276 483 389 521 cuius
421 479 623 532 duplicem
651 492 701 517 ac
732 489 951 527 congruam
979 476 1078 514 mori
1107 476 1412 527 inscriptionem
1443 489 1465 514 e
1495 476 1629 515 Nonio

143 555 351 594 novimus:
383 557 588 590 Ocroaassrs
610 554 703 587 Περι
728 554 979 586 Nomentum«.
1028 546 1117 584 Nec
1143 552 1280 585 tamen
1299 546 1420 585 video
1444 561 1515 588 cur
1539 561 1630 586 cum

144 624 370 664 Mercklino
407 636 432 662 a
470 621 681 662 Prisciano
722 623 1001 670 argumentum
1036 623 1199 656 saturae
1245 617 1418 657 indicari
1463 632 1512 657 ac
1550 634 1631 659 non

144 696 276 748 potius
305 695 432 734 latine
462 705 699 746 expressam
730 690 1034 741 inscriptionem
1062 689 1206 727 referri
1230 689 1518 730 existimemus.
1565 693 1632 730 De

145 780 224 820 quo
267 778 419 817 genere
468 762 789 803 commutationis
840 762 884 799 in
918 760 1178 812 palliatarum
1214 760 1341 799 titulis
1381 762 1632 803 Ritschelius

145 836 367 890 disputavit
402 837 444 874 in
487 835 672 888 parergis
707 831 910 873 Plautinis
943 832 1284 885 T-erentianisque
1315 832 1337 870 I
1363 847 1404 885 p.
1436 840 1522 882 158,
1563 835 1633 874 ubi

146 907 255 961 quod
296 907 402 946 inter
445 906 699 946 varroniana
747 903 872 944 multa
895 911 1032 949 ‚certa
1067 903 1153 941 eius
1193 903 1405 954 analogiae
1445 905 1634 957 exempla

146 974 329 1018 extitisse
357 977 582 1024 adnotavit,
612 988 687 1026 ego
720 988 741 1012 e
775 974 922 1013 saturis
954 980 1109 1014 certum
1138 987 1261 1012 unum
1294 979 1510 1026 praeterea
1538 975 1635 1012 novi

145 1051 214 1089 vel
249 1050 357 1099 duo,·
390 1061 495 1102 quae
529 1047 666 1085 statim
705 1047 915 1096 attingam.
984 1046 1149 1085 Etenim
1182 1045 1245 1084 his
1288 1044 1413 1085 Gellii
1428 1045 1582 1085 'verbis
1613 1046 1635 1084 I

150 1123 204 1167 17,
233 1125 257 1159 4
297 1120 422 1157 Varro
450 1123 489 1156 in
519 1124 657 1156 satura
687 1119 907 1167 Menippea,
939 1131 1053 1167 quam
1084 1120 1131 1156 de
1162 1118 1291 1166 officio
1321 1120 1453 1155 mariti
1481 1121 1637 1166 scripsit

148 1189 398 1228 Mercklinus
450 1187 651 1227 subtiliter
696 1188 868 1227 eandem
917 1188 1136 1239 significari
1186 1193 1364 1225 saturam
1411 1189 1635 1240 perspexit,

150 1273 269 1312 quam
309 1260 467 1298 Nonius
509 1265 571 1298 ter
609 1259 748 1298 citavit
785 1273 864 1298 non
902 1272 1065 1311 prorsus
1097 1260 1277 1311 compari
1307 1258 1470 1312 quidem
1501 1258 1635 1308 modo,

150 1329 224 1368 sed
259 1335 395 1369 tamen
425 1331 483 1368 ita
513 1335 558 1368 ut
588 1329 639 1368 de
671 1329 828 1368 duobus
858 1330 987 1368 titulis
1011 1331 1171 1381 graecis
1210 1330 1407 1369 dubitatio
1439 1329 1564 1368 absit:
1595 1344 1635 1382 p.

150 1407 239 1450 478,
278 1408 301 1442 3
340 1389 472 1450 Εὗρεν
509 1392 534 1449 ἡ
569 1392 693 1446 λοπὰς
721 1391 764 1438 τὸ
790 1400 909 1451 πῷμα
950 1399 1040 1451 περὶ
1075 1400 1363 1453 γεγαμηκότων,
1408 1416 1448 1454 p.
1474 1408 1563 1450 526,
1596 1409 1638 1443 15

150 1470 239 1525 περὶ
286 1465 574 1522 τετανηκότων,
613 1471 759 1509 omisso
791 1471 1029 1525 proverbiO,
1062 1472 1236 1526 deniquo.
1261 1488 1301 1526 p.
1329 1479 1417 1521 399,
1449 1480 1495 1515 30
1542 1474 1586 1512 E.
1612 1466 1637 1523 ἡ

154 1544 184 1580 λ.
215 1557 245 1581 τ.
278 1556 316 1580 π.
342 1540 432 1594 περὶ
457 1538 735 1592 καθηκόντων.
792 1543 856 1581 Ex
889 1557 938 1582 ea
971 1544 1120 1596 triplici
1160 1544 1353 1583 momoria
1389 1545 1639 1584 Mercklinus

151 1627 347 1666 perquam
375 1613 640 1666 probabiliter
669 1614 716 1650 Ε.
747 1605 773 1662 ἡ
800 1614 832 1651 λ.
865 1627 897 1651 τ.
929 1627 971 1652 π.
1002 1613 1091 1667 περὶ
1125 1611 1391 1666 καθηκόντων
1419 1616 1496 1653 τῶν
1526 1628 1640 1667 γεγα-

152 1680 337 1735 μηκότων
370 1691 577 1737 tamquam
612 1684 859 1737 primitivum
886 1687 972 1724 eius
1003 1692 1164 1725 saturae
1199 1686 1358 1725 titulum
1384 1687 1538 1726 elicuit:
1576 1688 1641 1726 cui

153 1769 205 1794 ex
234 1762 347 1808 parte
377 1755 507 1795 altera
534 1763 724 1795 accurate
754 1756 1002 1808 respondent
1033 1757 1223 1797 Gelliana
1255 1761 1301 1796 (Ie
1331 1760 1460 1807 officio
1489 1763 1621 1798 mariti
1629 1777 1641 1797 .·

155 1841 398 1881 quamquam
420 1825 597 1866 Gellium
625 1822 876 1865 Mereklimis
907 1827 1092 1879 opinatur
1122 1842 1203 1867 non
1230 1835 1310 1867 tam
1335 1830 1641 1882 inscriptionem

152 1899 305 1937 referre
357 1911 475 1950 quam
509 1903 801 1952 *argumentum
837 1898 1018 1938 indicare
1064 1907 1226 1939 saturae
1267 1901 1459 1941 voluisse.
1530 1901 1643 1940 Addi

151 1974 317 2021 poterat
347 1982 510 2020 prorsus
546 1968 710 2019 dignum
749 1969 932 2008 Varrone
962 1956 1093 2010 videri
1130 1971 1242 2010 illum
1280 1972 1558 2024 depromptum
1589 1973 1642 2011 de

152 2038 292 2078 schola
335 2041 552 2078 stoicorum
591 2039 786 2087 indicem,
830 2041 899 2093 qui
933 2042 1032 2080 satis
1069 2049 1208 2080 notum
1242 2048 1304 2080 est
1348 2034 1454 2095 quae
1479 2044 1641 2095 potissi-

152 2124 259 2149 mum
303 2102 351 2148 τὰ
394 2103 631 2159 καθήκοντα
674 2110 986 2162 appellaverint
1061 2113 1151 2152 Nec
1187 2114 1317 2152 minus
1353 2115 1642 2153 convenienter

156 2180 334 2220 Gellium
371 2187 540 2232 apparet
578 2181 774 2219 Varronis
811 2179 900 2233 περὶ
940 2177 1204 2232 καθηκόντων
1241 2183 1323 2222 τῶν
1359 2180 1642 2236 γεγαμηκότων

154 2254 200 2289 de
237 2251 368 2299 officio
406 2254 538 2289 mariti
580 2251 829 2290 convertisse
883 2266 1004 2305 quam
1050 2254 1195 2294 Cicero
1245 2247 1292 2292 τᾶ
1334 2253 1423 2306 περι
1463 2255 1533 2293 τοῦ
1570 2270 1642 2294 κα-

156 2316 356 2370 θήκοντος
395 2321 583 2360 Panaetii
614 2320 686 2373 (cf.
719 2321 772 2360 ad
801 2322 888 2361 Att.
921 2323 1027 2364 XVI
1058 2332 1111 2374 ΙΙ,
1142 2325 1182 2375 4)
1214 2329 1261 2365 cle
1290 2327 1432 2376 officiis
1460 2326 1642 2378 appella-

156 2392 233 2430 vit:
271 2393 380 2437 Quod
407 2395 453 2430 de
481 2395 729 2441 inscriptione
757 2396 934 2441 quaeris,
974 2408 1048 2433 non
1078 2399 1206 2436 dubito
1245 2401 1337 2447 quin
1369 2397 1556 2446 καθῆκον
1585 2399 1644 2447 of—

118 2515 125 2522 ·
153 2465 282 2511 ficium
321 2465 390 2508 sit,
435 2466 510 2501 nisi
537 2467 630 2512 quid
663 2470 703 2502 lu
743 2464 871 2502 aliud.-
913 2468 981 2503 sed
1011 2469 1213 2516 inscriptio
1234 2471 1386 2517 plenior
1413 2471 1459 2506 cle
1492 2469 1644 2518 officiis.

159 2532 222 2570 Of.
254 2533 280 2571 l.
300 2547 349 2572 vc.
376 2534 481 2573 XVI
515 2540 576 2583 14,
606 2542 641 2576 3.
702 2534 794 2586 Quo
824 2536 953 2586 magis
981 2538 1101 2576 miror
1130 2538 1400 2578 Mercklinum
1432 2553 1644 2590 argumen-

158 2609 242 2641 tum
281 2605 414 2656 potius
443 2611 603 2644 saturae
635 2620 658 2644 a
689 2605 824 2645 Gellio
856 2607 1075 2657 significari
1127 2623 1247 2663 quam
1288 2610 1339 2648 ab
1377 2610 1520 2648 eodem
1551 2622 1643 2647 con-

158 2688 321 2714 versam
360 2689 450 2714 esse
481 2690 680 2728 graecam·
695 2676 998 2728 inscriptionem
1028 2679 1233 2718 maluisse.
1294 2680 1400 2718 Nam
1441 2679 1558 2725 licet,
1590 2679 1646 2717 ita

161 2758 249 2783 cum
282 2746 440 2797 legatur
479 2732 614 2786 Varro·
640 2751 678 2786 in
707 2753 844 2786 satura
874 2748 1099 2798 Menippea,
1138 2764 1250 2798 quam
1281 2752 1328 2787 (Ie
1359 2750 1489 2798 officio
1518 2752 1650 2787 mariti

158 2819 333 2864 scripsit,
379 2832 459 2857 non
502 2818 736 2857 necessario
781 2832 1034 2872 consequens
1070 2821 1142 2867 sit,
1192 2819 1369 2859 Gellium
1400 2819 1545 2856 afferre
1586 2819 1645 2857 in-

163 2888 422 2939 scriptionem
449 2888 640 2937 voluisse,
671 2889 769 2927 mihi
801 2889 893 2927 dum
923 2890 1082 2943 reliqua
1110 2890 1252 2929 harum
1280 2896 1504 2941 saturarum
1533 2890 1646 2928 testi·

229 2955 404 2996 VAnLnu,
430 2955 538 2990 Com,
562 2966 600 2988 n«
618 2956 738 2988 Visun.
759 2966 838 2988 sna
1285 2984 1287 2986 .
1332 2957 1379 2996 13
