1898 3236
250 232 304 271 26
822 238 1160 269 comncrANEA.

368 329 435 384 U'bi
452 347 642 394 quondam
672 356 757 382 cum
775 345 897 381 sabito
921 355 1006 381 eum
1027 344 1207 382 vidissent
1232 346 1332 383 Galli
1356 344 1652 395 quadrupedem,

368 411 574 466 Ty'mpanis
604 417 697 454 adeo
722 415 901 463 fecerunt
930 414 1124 453 mansuem
1154 420 1195 452 ul
1224 416 1438 454 tractarent
1467 429 1593 456 manu.

251 519 364 569 Quos
393 517 562 570 primum
593 515 802 555 commoda
829 514 1094 554 membrorum
1124 529 1213 554 cum
1238 529 1427 556 versuum
1456 518 1600 558 finibus
1631 533 1723 559 con-

249 589 434 640 gruentia
462 601 543 626 non
571 587 718 626 leviter
746 585 1010 625 commendat.
1061 600 1177 625 manu
1199 601 1271 639 pro
1293 591 1440 626 manib:
1471 589 1614 641 scripsi
1637 602 1726 628 cum

199 646 205 653 ⁴
248 661 435 711 Roepero
474 657 515 696 in
551 657 669 695 tertio
699 669 850 715 frema,
888 657 955 708 qui
998 664 1175 696 ceterum
1206 660 1354 710 optime
1383 659 1482 698 fluit.
1538 659 1725 698 Secundo

248 744 329 769 non
357 727 510 768 licebat
538 728 626 766 sine
656 727 794 780 aliqua
821 728 1118 768 machinatione
1149 729 1334 780 defungi:
1377 743 1462 768 eum
1492 732 1612 769 subito
1641 742 1726 768 eum

248 799 476 851 transposui
522 811 593 850 pro
640 799 760 837 subito
804 810 888 837 eum
933 812 1019 837 cum
1061 806 1102 838 et
1145 803 1430 850 quadrupedem
1477 803 1576 840 Galli
1619 801 1726 853 quod

248 869 420 909 traditur
448 869 610 908 inverso
641 867 781 906 ordine
810 867 923 906 dedi:
971 882 1050 920 qua
1079 882 1123 907 re
1151 869 1258 922 quod
1291 872 1450 923 septimi
1477 871 1593 924 pedis
1624 871 1725 911 arsis

248 941 381 979 soluta
410 945 493 987 est,
525 938 567 977 id
595 952 675 977 non
700 939 827 988 magis
855 940 1114 978 excusatione
1146 946 1259 990 eget,
1292 954 1409 993 quam
1436 941 1544 994 quod
1571 941 1724 980 duobus

248 1010 445 1063 prioribus
475 1009 659 1049 versibus
688 1015 779 1062 post
809 1015 991 1061 quartam
1021 1011 1141 1049 arsim
1169 1011 1378 1051 inciditur:
1428 1012 1482 1051 cf.
1510 1011 1727 1051 Ritschelii

246 1082 534 1134 prolegomena
567 1081 609 1119 in
635 1080 770 1119 Plauti
797 1080 1073 1119 Trinummum
1105 1096 1145 1134 p.
1179 1094 1374 1123 ccnxx1v.
1432 1083 1556 1124 Primi
1592 1090 1727 1123 autem

246 1164 410 1199 versus,
449 1152 490 1189 in
520 1164 598 1203 quo
627 1151 727 1190 nihil
756 1150 806 1190 de
837 1151 1029 1190 memoria
1058 1152 1249 1192 librorum
1279 1154 1471 1203 discessi,
1510 1155 1588 1194 nisi
1618 1154 1727 1207 quod

248 1222 343 1260 olim
371 1221 570 1274 prolatum
596 1233 639 1259 eo
666 1234 738 1273 pro
769 1232 788 1258 e
817 1221 979 1273 scripsi,
1020 1223 1157 1261 malim
1187 1224 1246 1262 sic
1275 1225 1519 1265 constituere
1553 1226 1725 1265 exitum:

769 1324 875 1371 apud
902 1323 1011 1361 Idam
1037 1320 1083 1362 ἑὸ
1115 1326 1206 1364 loco.

358 1423 570 1462 Illustrata
596 1423 773 1462 musicae
802 1423 898 1461 artis
927 1436 978 1462 ne
1008 1437 1032 1462 a
1070 1424 1130 1463 dis
1169 1426 1331 1478 quidem
1359 1427 1518 1478 alienae
1547 1427 1724 1467 sublimi-

245 1501 329 1534 tate
357 1508 405 1533 ac
430 1494 597 1532 mirifica
622 1500 705 1532 tam
730 1494 770 1532 in
790 1493 971 1532 homines
1000 1508 1119 1547 quam
1143 1497 1185 1534 in
1208 1497 1398 1536 animalia
1424 1497 1628 1547 efficacia,
1661 1513 1723 1537 ar-

244 1566 346 1605 tifex
369 1565 439 1604 ille
461 1566 633 1603 musicus
662 1564 766 1603 ultro
788 1563 840 1603 ad
862 1566 1154 1605 enucleandam
1179 1580 1267 1606 eam
1281 1597 1290 1615 ,
1323 1581 1402 1620 qua
1425 1570 1522 1608 artis
1548 1569 1724 1608 facultas

246 1642 522 1688 comparetur,
552 1634 660 1673 viam
688 1640 729 1673 et
756 1635 954 1675 rationem
983 1637 1175 1676 defertur.
1235 1637 1366 1689 Quam
1392 1653 1472 1678 non
1495 1645 1647 1679 temere
1676 1653 1724 1679 ac

246 1707 352 1746 dicto
378 1707 512 1759 aliquo
534 1705 747 1757 imperioso
772 1706 929 1758 anquiri
961 1706 1079 1746 docet
1106 1707 1274 1759 primum
1305 1709 1510 1761 exempIO,
1545 1711 1725 1762 apprime

245 1776 297 1815 ad
327 1775 600 1816 cavillandum
624 1776 720 1814 artis
739 1763 1080 1816 ‘calumniatorem
1106 1778 1304 1830 apposito.
1365 1779 1454 1818 Nec
1484 1781 1526 1819 in
1554 1782 1722 1832 tragica,

245 1848 321 1895 ait,
357 1853 443 1886 arte
464 1859 605 1885 servus
628 1852 717 1884 tuus
739 1846 848 1885 rudis
875 1852 915 1885 et
942 1847 1166 1898 impolitus,
1198 1848 1232 1888 si
1260 1849 1378 1889 modo
1408 1849 1596 1899 iusseris,
1629 1864 1721 1890 con-

246 1917 381 1955 festim
408 1922 546 1969 partes
575 1917 784 1968 primarias
816 1917 1025 1957 obtinebit.

357 2010 461 2048 XIV
480 2007 535 2061 (l)
566 2023 674 2049 voces
693 2013 939 2060 Amphionem
961 2014 1201 2061 trayoedum‚
1224 2014 1354 2051 iubeas
1369 2015 1590 2062 Amphionis
1609 2026 1724 2064 ayere

382 2061 386 2065 ὁ
463 2083 611 2129 partis,
651 2081 895 2130 infantior-em
926 2095 1040 2131 quam
1066 2095 1172 2122 meus
1197 2088 1254 2121 est
1281 2086 1393 2123 mulio
1419 2107 1475 2112 ——

242 2173 308 2210 Ita
341 2177 382 2210 et
417 2171 550 2223 capite
588 2176 628 2209 et
660 2171 739 2210 fine
775 2178 1001 2211 truncatam
1029 2173 1271 2211 sententiam
1299 2174 1455 2213 Nonius
1487 2175 1651 2216 exhibet
1680 2191 1720 2230 p.

242 2249 307 2290 56,
334 2249 376 2284 9:
418 2255 538 2295 quam
568 2241 666 2280 licet
707 2242 906 2293 integram
944 2243 1074 2281 animo
1109 2243 1348 2292 informare,
1388 2250 1432 2283 ut
1462 2258 1514 2283 ne
1541 2245 1723 2286 litterula

244 2311 406 2364 quidem
443 2312 484 2350 in
513 2311 663 2350 tradita
697 2313 896 2364 scriptura
928 2313 1161 2364 attingatur.
1220 2314 1312 2352 Hoc
1344 2313 1461 2354 dicit:
1501 2329 1619 2355 servo
1650 2323 1718 2356 tuo

241 2382 310 2421 vel
349 2381 523 2420 mulione
560 2395 648 2420 meo
678 2382 886 2421 infantiori
914 2382 1153 2435 Amphionis
1183 2384 1368 2435 tragoedi
1399 2399 1545 2426 nomen
1575 2387 1718 2437 addas,

242 2466 291 2491 ac
318 2451 458 2490 iubeas
484 2465 575 2490 eum
594 2452 831 2506 Amphionis
860 2466 982 2503 agere
1008 2459 1166 2504 partes:
1195 2454 1353 2493 videbis
1375 2456 1474 2494 nihil
1503 2471 1615 2506 esse,
1644 2472 1720 2498 nec

243 2524 455 2574 quicquam
484 2524 593 2562 iussu
622 2530 689 2562 tuo
721 2523 774 2562 ad
802 2529 929 2562 artem
956 2522 1109 2574 profici.
1178 2524 1348 2564 Servum
1384 2525 1463 2564 dici
1504 2540 1592 2566 cum
1629 2529 1720 2580 ipsa

242 2594 444 2632 sententia
482 2599 522 2632 et
558 2594 745 2633 mulionis
784 2595 1107 2633 commemoratio
1147 2595 1335 2644 suadeat,
1377 2602 1460 2635 tum
1497 2610 1565 2645 ea,
1608 2599 1717 2637 cuius

241 2664 512 2703 Mommsenus
551 2677 614 2703 me
660 2664 867 2712 admonet,
924 2665 1170 2704 consuetudo
1209 2666 1478 2705 Romanorum
1519 2669 1722 2725 mancipia·

243 2732 394 2784 duplici
430 2734 590 2774 nomine
622 2734 875 2786 significandi
906 2741 946 2773 et
980 2737 1140 2787 proprio
1174 2742 1213 2776 et
1243 2750 1321 2789 quo
1353 2751 1488 2776 eorum
1516 2737 1716 2778 indicetur

243 2803 430 2841 officium.
475 2804 576 2842 Mihi
598 2805 639 2843 in
662 2811 846 2857 promptu
867 2812 959 2845 sunt
981 2807 1084 2845 haec
1110 2807 1316 2859 exempla,
1348 2821 1451 2859 quae
1474 2808 1616 2856 facile,
1649 2811 1715 2861 qui
1739 2807 1743 2811 ’

243 2873 436 2912 curiosius
462 2874 658 2926 inquirat,
687 2876 940 2915 accumulare
968 2878 1119 2929 possit:
1151 2878 1363 2916 Suetonius
1386 2879 1428 2916 in
1448 2879 1534 2917 vita
1556 2878 1716 2918 Claudii
