1898 3236
759 253 1108 295 commestam.
1595 248 1677 291 223

190 385 282 412 eam
311 384 456 411 vocem
486 370 590 414 binis
612 369 784 423 syllabis
811 345 1035 408 adhibitam
1064 379 1170 406 esse.
1229 365 1368 418 Quare
1395 378 1486 403 cum
1510 364 1679 404 Sotadei

163 432 355 496 'quidem
388 443 450 482 illi
484 448 548 480 sat
580 441 701 480 certis
737 439 898 480 indiciis
928 438 1153 491 prodantur
1164 454 1196 485 ,ι
1211 435 1436 475 videndum
1464 442 1546 483 est,
1583 448 1678 473 num

190 513 291 567 quid
329 513 440 553 aliud
473 513 514 551 in
548 512 774 565 depravato
806 513 953 548 mulsus
982 508 1223 554 delitescat‚·
1260 506 1369 558 quod
1393 505 1491 558 quid
1520 506 1572 544 sit
1598 519 1679 544 non

193 591 353 638 exputo.
1567 579 1572 582 ”

304 656 352 694 Ρ.
383 661 407 695 4
438 668 478 692 v.
513 659 557 694 25
585 651 836 691 Ribbeckius
876 662 918 689 ec
949 652 1099 688 theatro
1129 646 1269 687 scribit
1298 648 1339 686 in
1365 647 1497 699 praef.
1530 647 1582 686 ad
1613 661 1678 686 co-

192 725 384 763 micorum
427 724 643 762 latinorum
678 722 871 775 reliquias
910 734 948 772 p.
980 720 1089 759 XII':
1125 719 1219 758 libri
1250 726 1308 757 et:
1348 718 1471 769 vulgo
1498 730 1538 764 e,
1570 718 1679 770 quod

193 796 350 847 scripsi.

306 866 431 915 P.,1,2
460 879 500 903 v.
534 871 580 910 10
614 864 753 903 nescio
783 876 836 900 an
864 862 1043 912 integros
1076 861 1333 901 hexametros
1362 864 1572 914 praestare
1602 859 1679 897 hoc

192 935 311 990 modo
341 936 482 975 liceat:

394 1015 562 1062 Iurqare
591 1015 737 1061 occepit
765 1015 917 1051 dicens:
947 1024 1071 1061 nuyas
1092 1013 1198 1061 facis
1229 1018 1343 1061 atque

394 1086 442 1122 In
469 1085 625 1132 'vulgum
656 1086 801 1133 vulgas,
833 1090 1032 1132 artemque
1056 1085 1256 1131 expromis
1284 1064 1464 1120 inertem..

307 1175 423 1216 P.·51
457 1189 497 1213 v.
523 1180 570 1214 24
608 1187 730 1225 aegre
762 1176 849 1212 fero
885 1173 996 1231 quod
1032 1174 1088 1211 M.
1115 1174 1327 1212 Hertzium
1355 1172 1524 1211 laudare
1549 1172 1678 1219 omisi,

193 1246 262 1298 qui
304 1247 425 1292 (Berl.
452 1247 587 1283 Jahrb.
621 1251 709 1285 1845
738 1244 760 1282 I
793 1259 832 1296 p.
859 1243 945 1296 261)
986 1250 1079 1282 ante
1112 1257 1177 1282 me
1214 1243 1265 1281 de
1293 1245 1444 1281 homulo
1481 1228 1679 1291 (hom'ullo)

194 1315 399 1366 cogitavit.
460 1314 648 1353 Eundem
675 1327 766 1353 sero
795 1313 881 1352 vidi
910 1313 1060 1353 ibidem
1093 1314 1144 1352 de
1176 1317 1434 1351 MELBAGRomJu
1463 1313 1533 1351 frr.
1566 1313 1611 1351 II
1640 1317 1681 1350 et

192 1385 258 1424 III
289 1385 431 1425 eodem
462 1384 579 1423 modo
611 1383 816 1423 iudicasse
849 1398 896 1422 ac
926 1397 990 1423 me
1015 1394 1054 1436 p.
1083 1391 1140 1426 56.

306 1463 547 1500 Ennvmouas,
571 1469 690 1508 quam
714 1461 892 1509 saturam
917 1469 957 1507 p.
987 1464 1032 1496 55
1062 1469 1101 1494 v.
1128 1462 1152 1497 4
1179 1450 1411 1508 perstrinxi,
1441 1453 1680 1498 Krahnerus

193 1524 244 1567 de
270 1529 464 1568 Varronis
493 1526 751 1580 philosophia
779 1540 821 1578 p.
851 1532 898 1566 22
925 1526 1135 1566 adnotavit
1173 1526 1220 1565 ‘e
1249 1524 1530 1578 philosophico
1561 1527 1679 1574 argu-

193 1606 327 1638 mento
357 1605 494 1653 aptum
520 1598 688 1637 librum’
719 1597 859 1635 fuisse.

306 1671 579 1710 Bacchiacum
605 1675 786 1722 systema
816 1667 866 1706 ab
896 1667 1137 1710 Hermanno
1161 1668 1202 1706 in
1229 1667 1347 1706 elem.
1376 1680 1417 1719 p.
1436 1673 1507 1708 303
1533 1665 1680 1704 consti-

193 1749 342 1790 tutum,
384 1740 494 1795 quod
525 1754 565 1792 p.
596 1747 643 1783 94
677 1739 814 1790 tetigi,
851 1737 1079 1789 elegantius
1112 1738 1365 1778 Ribbeckius
1405 1738 1447 1775 in
1476 1735 1679 1789 quaestio-

191 1812 309 1850 nibus
337 1811 508 1851 scenicis
533 1824 573 1862 p.
602 1815 672 1851 268
701 1809 916 1848 adornavit
946 1809 988 1846 in
1015 1808 1122 1847 hunc
1153 1808 1336 1856 modum:

394 1895 602 1948 Quemnam
630 1906 668 1938 te
696 1912 779 1938 esse
806 1900 945 1949 dicam,
972 1900 1065 1948 fera'
1096 1902 1164 1948 qui
1191 1901 1308 1937 marni

461 1972 642 2020 Corporis
669 1971 844 2020 fe'rvidos
869 1972 1035 2019 fontium
1067 1973 1199 2018 aperis

370 2044 529 2095 -Laezzsp
549 2041 751 2090 sanquim's
781 2047 891 2089 teque
917 2040 995 2078 vita
1020 2041 1126 2078 leva's
1151 2040 1286 2088 ferreo
1316 2041 1424 2076 e'nsi?

188 2131 421 2183 Iisdemque
451 2131 637 2170 versibus
670 2130 829 2168 confert
865 2143 917 2168 ex
947 2130 1069 2168 Ennii
1099 2129 1286 2182 Thyeste
1318 2128 1474 2172 fr.-IV:
1515 2127 1567 2164 cf.
1596 2126 1680 2164 En-

190 2203 338 2241 nianae
368 2202 504 2253 poesis
534 2201 653 2253 reliq.
683 2207 836 2252 p..141.

304 2273 351 2310 P.
383 2277 451 2312 130
479 2277 519 2309 et
549 2273 615 2313 131
650 2270 761 2323 quod
794 2276 951 2309 Bnmnco
990 2270 1075 2309 dixi
1111 2284 1255 2323 parum
1290 2267 1556 2322 probabiliter
1585 2265 1681 2304 addi

192 2343 362 2389 alteram
398 2341 701 2392 inscriptionem
731 2339 822 2391 περὶ
854 2337 1030 2394 τρόπων,
1067 2340 1110 2379 id
1145 2339 1283 2392 paullo
1311 2338 1560 2396 probabilius
1587 2335 1679 2375 red·

193 2413 300 2450 ditur
339 2413 397 2450 eis
428 2425 533 2463 quae
561 2412 801 2451 Krahnerus
834 2412 884 2451 de
913 2394 1108 2451 Varronis
1139 2409 1397 2462 philosophia
1421 2422 1462 2461 p.
1491 2413 1514 2448 6
1544 2405 1679 2457 dispu-

193 2483 315 2530 tavit,
357 2482 579 2521 Varronem
611 2493 701 2520 cum
729 2482 819 2521 aliis
849 2483 891 2521 in
916 2482 1038 2521 rebus
1066 2486 1151 2519 tum
1179 2481 1222 2518 in
1249 2477 1536 2531 praefig-endis·
1553 2476 1679 2514 titulis

192 2552 404 2592 Cleanthis
434 2553 715 2595 auctoritatem
742 2566 824 2592 non
856 2565 947 2591 raro
977 2540 1162 2591 secutum
1191 2562 1296 2597 esse,
1327 2551 1439 2588 cuius
1470 2545 1559 2599 περὶ
1593 2542 1678 2598 τρό-

193 2636 282 2661 πων
313 2622 498 2662 extitisse
527 2621 673 2660 librum
697 2622 897 2674 Diogenis
922 2623 1079 2662 Laertii
1107 2621 1338 2661 testimonio
1365 2619 1448 2658 VII
1478 2627 1513 2666 5,
1534 2624 1557 2659 6
1586 2630 1679 2655 con-

193 2699 295 2731 stat:
326 2692 449 2740 unde,
481 2691 589 2744 quod
617 2685 788 2742 τρόπους
819 2706 844 2731 a
872 2693 1057 2732 Varrone
1085 2692 1250 2731 notione
1276 2690 1479 2729 rhetorica
1510 2687 1590 2726 diei
1621 2687 1680 2726 af-

194 2764 371 2817 firmavi,
422 2763 586 2813 egregie
625 2762 927 2814 comprobatur,
973 2763 1135 2816 quando
1174 2775 1255 2800 non
1295 2761 1416 2799 aliam
1451 2759 1534 2797 vim
1566 2748 1681 2795 illum

195 2834 406 2873 Cleanthis
432 2832 619 2872 ,indicem
652 2833 804 2872 habere
838 2832 1038 2883 Diogenis
1073 2845 1266 2871 recensus
1297 2830 1501 2870 titulorum
1530 2827 1679 2866 indicio

193 2911 274 2944 est:
305 2901 395 2954 περὶ
425 2901 698 2953 διαλεκτικῆς,
727 2900 819 2955 περὶ
850 2898 1033 2952 τρόπων,
1065 2899 1156 2953 περὶ
1191 2893 1539 2952 κατηγορημάτων.
