1898 3236
287 238 368 279 202
702 266 706 268 -
857 250 1195 283 communes.

288 355 559 394 dubitationes
608 354 796 402 haberet,
840 355 893 394 ad
932 369 1001 395 eas
1042 362 1198 396 saturas
1228 358 1407 409 exposui.
1466 358 1685 410 Disputavi
1714 360 1766 404 de

286 426 432 473 Nonio,
465 431 505 464 et
534 425 631 477 quid
663 439 753 464 eum
779 425 989 478 probabile
1019 428 1070 465 sit
1099 428 1140 465 in
1173 427 1250 466 hoc
1280 441 1429 478 genere
1461 428 1612 478 egisse:
1646 429 1763 468 nihil-

289 497 382 536 dum
412 496 462 535 de
491 497 578 547 ipso
609 495 806 534 affirmavi
831 496 1035 546 Varrone,
1074 512 1150 537 nec
1178 498 1272 537 inde
1303 498 1413 551 quod
1442 498 1548 538 bona
1575 513 1670 551 pars
1699 514 1762 539 sa—

288 575 463 607 turarum
488 567 556 606 vel
582 579 686 619 quae
711 565 909 606 habentur
932 574 1092 607 saturae
1121 582 1145 607 a
1170 568 1301 607 Nonio
1336 574 1568 609 constanter
1584 559 1762 624 ,una-in-

287 639 506 690 scriptione
532 636 759 686 laudentur,
789 637 882 676 ilico
915 639 1207 678 consectarium
1239 653 1328 679 esse
1353 640 1429 687 aio,
1461 650 1677 693 numquam
1697 655 1763 680 ea—

287 723 374 748 rum
398 708 579 760 duplices
608 708 890 760 inscriptiones
917 709 1112 748 extitisse.
1159 709 1227 749 Sic
1255 709 1342 749 fieri
1373 712 1504 762 potuit
1522 717 1567 750 ut
1586 718 1762 760 saturae,

286 778 430 831 quibus
464 779 594 817 Varro
621 792 691 818 suo
722 793 831 819 more
859 779 958 818 duos
990 780 1245 831 praefixisset
1268 781 1427 829 titulos,
1469 781 1542 821 sub
1571 763 1765 822 alterutra

287 855 443 888 tantum
475 849 735 902 inscriptione
766 850 806 889 in
836 850 1018 889 notitiam
1051 851 1173 890 Nonii
1207 851 1402 899 venirent,
1435 851 1522 891 sive
1550 865 1693 891 manco
1721 851 1764 891 in

289 935 339 960 ea
374 935 418 960 re
453 921 640 971 exemplo
677 922 765 959 sive
799 934 940 972 parum
979 928 1167 962 accurato
1204 936 1299 961 usus
1331 928 1391 962 est
1423 928 1600 962 auctore.
1658 923 1765 962 Nam

286 993 363 1030 hoc
393 1005 553 1045 quoque
581 990 702 1030 video
733 992 937 1040 affirmari,
968 1006 1044 1031 nec
1072 993 1249 1032 Nonium
1278 1007 1354 1033 nec
1385 1000 1608 1033 ceterorum
1631 1007 1762 1044 gram-

285 1064 520 1101 maticorum
556 1075 796 1114 quemquam
831 1067 994 1114 praeter
1031 1063 1206 1102 Gellium
1243 1065 1352 1116 ipsas
1382 1064 1575 1105 Varronis
1606 1069 1762 1103 saturas

287 1139 381 1172 ante
415 1133 552 1172 oculos
582 1132 793 1180 habuisse,
826 1131 897 1170 sed
929 1133 1221 1173 collectaneam
1251 1135 1502 1187 superiorum
1532 1136 1760 1185 grammati-

286 1216 421 1242 corum
468 1203 677 1242 materiam
715 1217 786 1255 pro
829 1216 901 1241 suo
934 1203 1103 1242 consilio
1140 1204 1392 1257 compilasse.
1451 1205 1518 1243 Ita
1551 1205 1762 1257 Roeperus

284 1276 325 1313 in
365 1274 538 1313 animum
577 1272 734 1311 induxit
771 1272 974 1324 Philologi
1015 1275 1079 1314 IX
1115 1289 1156 1326 p.
1181 1280 1267 1322 225,
1310 1275 1556 1324 argumentis
1585 1275 1761 1328 quidem,

285 1345 429 1399 quibus
459 1346 684 1384 firmaretur
709 1344 812 1382 haec
837 1343 889 1382 ad
909 1357 1065 1383 omnem
1086 1345 1227 1383 harum
1246 1344 1510 1397 reliquiarum
1531 1346 1652 1385 crisin
1676 1347 1761 1385 effi-

285 1416 497 1455 cacissima
527 1416 684 1468 opinio,
715 1415 909 1454 lectorem
940 1415 1102 1454 celatis:
1132 1429 1209 1455 nec
1236 1430 1367 1455 meum
1395 1430 1502 1455 nunc
1533 1431 1623 1456 esse
1650 1423 1761 1469 puto,

283 1487 389 1526 hunc
420 1487 552 1525 locum
590 1486 658 1539 qui
691 1491 753 1524 est
786 1485 837 1524 de
873 1486 1164 1538 propagatione
1199 1487 1392 1526 librorum
1422 1489 1763 1528 Varronianorum

283 1564 544 1611 pertractare.
594 1557 691 1597 Sive
719 1557 841 1607 igitur
860 1556 1016 1595 Nonius
1042 1557 1130 1608 ipse
1155 1564 1380 1598 saturarum
1407 1559 1634 1611 exemplum
1660 1564 1762 1597 trac·

283 1630 384 1669 tavit
421 1630 507 1668 sive
547 1643 597 1668 ex
628 1628 795 1667 aliorum
829 1627 1090 1667 collectaneis
1120 1643 1193 1668 sua
1216 1629 1446 1669 testimonia
1473 1631 1611 1682 petiit,
1639 1643 1762 1681 aegre

283 1701 378 1739 mihi
413 1700 639 1752 persuadeo
676 1699 846 1751 periisse
877 1699 1093 1754 memoriae
1125 1700 1244 1752 culpa
1273 1707 1332 1740 tot
1366 1700 1562 1758 exemplis
1590 1700 1762 1739 alteram

283 1778 509 1811 saturarum
534 1770 847 1821 inscriptionem,
883 1782 972 1807 cum
999 1771 1237 1821 praesertim
1267 1785 1356 1810 eam
1383 1785 1541 1810 omnem
1562 1770 1612 1809 de
1633 1769 1760 1822 dupli-

283 1842 395 1880 cibus
427 1847 651 1880 saturarum
679 1840 805 1878 titulis
836 1839 1033 1894 rationem
1062 1854 1114 1878 ne
1143 1854 1309 1879 numero
1342 1841 1503 1893 quidem
1536 1841 1760 1892 inscriptio-

282 1926 376 1951 num
401 1913 552 1951 maiore
583 1910 730 1950 firmari
761 1916 980 1962 appareat:
1011 1910 1170 1949 circiter
1197 1911 1362 1961 triginta
1393 1912 1498 1950 enim
1525 1924 1614 1949 cum
1637 1911 1760 1949 citen-

282 1989 346 2022 tur
374 1981 655 2033 inscriptiones
687 1980 892 2032 duplices,
932 1980 1052 2032 duplo
1088 1981 1280 2020 maiorem
1312 1995 1520 2020 numerum
1557 1981 1760 2033 simplices

283 2053 498 2093 conficiunt
525 2052 701 2090 indices:
731 2058 852 2103 atque
887 2050 979 2089 illas
1008 2050 1169 2103 quidem
1198 2066 1287 2091 cum
1317 2052 1437 2091 etiam
1464 2050 1618 2103 absque
1647 2051 1759 2089 testi-

282 2126 424 2164 moniis
451 2122 716 2177 probabilitas
747 2121 867 2160 fidem
891 2122 1016 2160 faciat
1037 2129 1263 2162 saturarum
1283 2135 1386 2170 esse,
1416 2122 1489 2160 hos
1509 2134 1578 2161 cur
1595 2134 1758 2160 mancos

283 2210 373 2235 esse
403 2197 611 2242 instemus,
644 2207 695 2231 116
724 2192 1046 2243 logistoricorum
1073 2194 1256 2245 quidem,
1285 2206 1365 2246 qua
1393 2191 1642 2232 Mercklinus
1669 2192 1760 2231 niti—

281 2273 359 2314 tur,
391 2265 690 2316 comparatione
722 2263 830 2313 exigi
860 2263 1142 2303 concesserim.
1204 2265 1355 2303 Verum
1384 2264 1489 2302 enim
1517 2276 1614 2301 vero
1643 2263 1759 2302 forsi-
1791 2291 1793 2293 -

280 2343 351 2375 tan
375 2336 531 2375 consilii
551 2335 647 2388 quid
671 2334 826 2373 Nonius
846 2335 887 2371 in
909 2347 956 2372 eo
980 2339 1141 2372 secutus
1166 2334 1229 2382 sit,
1261 2335 1369 2387 quod
1390 2341 1588 2373 certarum
1607 2339 1760 2373 satura-

281 2420 367 2444 rum
407 2411 640 2445 constanter
678 2405 778 2443 duos
809 2405 947 2442 titulos
978 2405 1184 2456 apposuit,
1221 2405 1366 2444 bonam
1392 2411 1548 2457 partem
1581 2405 1760 2457 compari

282 2477 507 2515 constantia
548 2489 626 2514 uno
671 2476 806 2514 indice
846 2476 1003 2514 citavit:
1047 2475 1089 2513 in
1125 2489 1204 2527 quo
1249 2475 1486 2526 cogitaverit
1522 2475 1668 2527 aliquis
1708 2475 1760 2515 de

280 2546 491 2585 brevitatis
530 2547 681 2593 studio,
721 2560 811 2584 cum
843 2558 979 2584 earum
1010 2550 1257 2593 saturarum,
1288 2559 1456 2598 quarum
1485 2543 1608 2596 longe
1636 2546 1757 2598 pluri-

281 2633 346 2657 ma
374 2631 539 2656 numero
573 2618 801 2667 fragmenta
823 2614 1048 2667 perhibuit,
1079 2615 1366 2664 Eumenidum,
1394 2616 1588 2664 Bimarci,
1619 2617 1758 2664 Manii,

281 2689 420 2737 Modii,
453 2687 735 2741 Sesquiulixis,
767 2686 1021 2736 Sexagessis,
1054 2685 1236 2735 aliarum,
1267 2687 1420 2748 11¹ullam
1449 2686 1602 2725 duabus
1632 2686 1757 2726 titulis

281 2759 536 2810 significavit.
587 2758 704 2809 Quae
734 2763 868 2796 tamen
893 2770 939 2795 6ο
971 2770 1108 2795 rursus
1135 2757 1297 2796 diluitur
1327 2757 1474 2809 opinio,
1502 2756 1610 2809 quod
1637 2754 1758 2794 etiam

281 2843 447 2882 quarum
483 2828 729 2880 paucissima
764 2829 990 2878 fragmenta
1024 2827 1203 2874 rettulit,
1242 2833 1363 2866 unum
1403 2825 1689 2881 tantummodo·
1708 2826 1756 2863 ti-

280 2901 407 2939 tulum
444 2899 643 2952 apposuit.
705 2900 842 2951 Quare
884 2912 973 2937 cum
1012 2912 1064 2938 ne
1102 2898 1179 2937 hoc
1211 2896 1374 2948 quidem
1403 2894 1668 2948 explicandae
1698 2894 1759 2933 illi
