1898 3236
259 268 334 313 144
825 276 1169 307 comeo-uum.

366 381 475 420 XIX
504 379 564 431 (7)
594 383 677 419 Non
708 383 871 419 Ercules
894 387 1032 429 potest,
1067 384 1134 429 qui
1160 383 1331 430 Augebes
1357 383 1425 419 sed
1451 393 1633 430 conpr-on.

255 483 330 521 Cui
362 483 589 521 sententiae
624 483 737 521 iuvat
773 482 877 520 hanc
917 482 967 520 de
1005 487 1412 521 PnomnrnnoLmssnATo
1450 482 1499 521 fr.
1535 488 1578 522 12
1613 482 1735 534 adpo-

254 566 371 591 nere:
411 555 458 590 In
497 556 660 591 tenebris
697 567 742 591 ac
778 556 868 591 suili
904 555 1052 592 vivunt.-
1090 557 1166 592 nisi
1203 568 1278 593 non
1305 555 1437 603 forum
1467 556 1587 600 hara,
1625 559 1739 602 atque

254 626 434 668 homines,
466 627 533 671 qui
560 637 661 662 nuvae
686 609 874 671 plerique,
897 636 984 662 sues
1013 633 1102 664 sunt
1123 628 1379 664 existimandi.
1416 626 1471 664 Et
1489 625 1592 663 haec
1612 624 1739 663 verba

254 692 465 740 Herculis,
510 693 657 745 ‘quibus
697 693 805 745 apud
841 694 1066 732 Lucianum
1102 693 1324 745 Δραπέταις
1359 701 1404 737 23
1442 709 1494 734 ne
1529 695 1581 734 ad
1619 697 1738 734 extir-

255 762 410 814 pandos
451 762 713 815 philosophos
750 764 930 802 mittatur
958 765 1048 803 Iovi
1078 765 1318 816 respondet:
1361 764 1427 804 καὶ
1463 759 1542 816 μὴν
1576 760 1739 816 ἄμεινον

254 822 318 883 ἦν,
352 820 384 871 ὦ
410 829 545 885 πάτερ,
572 826 644 883 τὴν
676 827 827 883 κόπρον
857 831 1080 886 ἕκκαθᾶρὰι
1099 824 1220 882 αὖθις
1247 828 1321 885 τὴν
1343 828 1561 888 Αὖγείουῆ
1585 831 1740 881 τούτοις

255 901 557 953 συμπλέκεσθαι.
626 903 710 942 Sed
753 895 971 957 expectant
1010 905 1137 945 verba
1171 907 1365 946 Varronis
1405 907 1738 946 emendationem.

256 975 368 1013 Libri
394 989 433 1027 p.
456 982 537 1023 242,
563 982 606 1015 15
636 975 811 1024 tradunt,
841 977 949 1029 quod
980 990 1103 1029 supra
1131 977 1295 1028 scripsi:
1330 978 1407 1015 nisi
1437 978 1545 1029 quod
1574 979 1614 1016 in
1638 978 1736 1015 Ber-

255 1045 446 1084 nensibus
484 1050 564 1084 est:
605 1048 707 1093 quod
734 1048 906 1096 Auqebes
938 1050 1007 1086 sed
1037 1050 1220 1095 ampison.
1280 1048 1372 1086 Duo
1405 1045 1668 1086 olim'Iunius
1699 1052 1740 1085 et

255 1122 348 1168 post
394 1129 485 1154 eum
527 1115 596 1155 alii
633 1116 736 1155 bene
770 1118 1051 1156 restituerunt:
1100 1119 1245 1166 Auyiae
1283 1123 1323 1155 et
1362 1113 1525 1170 κόπρον.
1593 1119 1741 1156 Restat

256 1192 300 1227 ut
343 1188 580 1238 corrigatur.
608 1187 717 1239 quod
754 1187 929 1226 medium
967 1194 1042 1226 est.
1110 1188 1250 1226 Iunius
1290 1188 1480 1227 coniecit*
1499 1192 1591 1237 eqit,
1636 1188 1738 1226 Tur-

257 1257 385 1296 nebus
429 1258 470 1295 in
507 1257 752 1296 adversariis
783 1258 936 1296 XXIX
966 1264 1011 1298 20
1035 1260 1206 1306 'ayebant
1237 1257 1339 1296 duce
1366 1257 1518 1302 Nonio,
1557 1255 1626 1306 qui
1656 1253 1738 1291 illis

255 1328 358 1366 haec
380 1328 588 1380 praemisit
611 1327 757 1376 ‘ayere'
779 1339 926 1376 yerere.
975 1328 1184 1367 Mercerus
1205 1329 1247 1366 in
1266 1328 1454 1366 lemmate
1479 1326 1625 1374 ‘ayere'
1656 1335 1739 1372 eye-

256 1410 344 1436 rere
379 1411 599 1450 reponens,
638 1399 679 1436 in
714 1395 907 1437 Varronis
942 1398 1032 1436 loco
1062 1401 1199 1447 eyes-sit
1229 1397 1379 1436 scribit.
1439 1396 1489 1435 Id
1517 1386 1629 1448 'quod
1660 1393 1739 1431 dis-

257 1468 450 1506 suadetur
479 1482 502 1506 a
521 1453 675 1507 Nonio:
709 1467 885 1507 debebat
904 1469 1048 1507 saltem
1078 1470 1265 1518 ‘eyerere’
1293 1480 1407 1518 ayere
1427 1466 1641 1519 praemitti,
1676 1465 1740 1502 cui

259 1538 515 1576 collocationi
540 1552 675 1577 rursus
704 1538 929 1577 litterarum
953 1539 1051 1578 ordo
1082 1539 1333 1578 adversatur.
1375 1539 1512 1590 Quare
1535 1541 1604 1574 aut
1625 1536 1739 1574 resti-

258 1609 411 1647 tuenda
437 1613 577 1658 agendi
599 1611 728 1647 forma
759 1608 855 1659 (nec
888 1610 992 1647 enim
1021 1609 1122 1648 illud
1151 1609 1284 1648 obstat
1312 1608 1599 1661 probabilitati,
1633 1606 1742 1659 quod

258 1680 413 1717 Nonius
444 1680 594 1730 pagina
618 1681 802 1732 proxima
826 1679 1021 1731 peculiari
1055 1681 1230 1731 capitulo
1258 1679 1404 1730 agendi
1436 1680 1620 1717 notiones
1651 1690 1741 1715 cum

258 1750 339 1787 suis
362 1749 558 1801 exemplis
587 1750 822 1802 recensuit),
856 1757 924 1790 aut
943 1757 1025 1790 tam
1045 1753 1192 1790 lemma
1212 1751 1334 1788 Nonii
1352 1763 1472 1801 quam
1490 1748 1618 1789 verba
1637 1749 1740 1787 Var-

257 1820 366 1858 ronis
402 1820 460 1857 ita
485 1821 743 1871 corrigenda:
777 1822 1000 1877 {Averrere'
1029 1833 1195 1870 eqerere.
1266 1823 1305 1859 V.
1336 1823 1538 1858 Bimarco:
1579 1821 1665 1857 Non
1692 1820 1739 1855 E.

252 1896 389 1939 potest,
421 1894 487 1939 qui
505 1894 627 1942 Auyie
656 1895 797 1930 abersit
822 1893 996 1941 (aberrit)
1019 1886 1178 1941 κόπρον.
1221 1892 1286 1929 De
1309 1890 1434 1929 verbo
1460 1892 1666 1928 aver-rendi
1688 1888 1740 1927 cf.

256 1963 489 2000 Priscianus
509 1962 551 2000 X
570 1976 610 2013 p.
630 1968 697 2003 532
710 1963 874 2001 Hertz.t
906 1965 1073 2000 Licinius
1088 1963 1223 1999 Macer
1236 1973 1308 2008 pro
1333 1961 1484 1998 Tuscis:
1509 1960 1610 2007 ‘quis
1629 1972 1741 2006 opor-

256 2035 325 2070 tuit
355 2036 495 2070 amissa
522 2036 742 2080 restituere,
774 2036 877 2071 hisce
906 2037 1019 2071 etiam
1047 2035 1230 2080 reliquias
1259 2029 1516 2068 averrerunt?
1563 2028 1738 2067 Ibidem-

256 2116 335 2154 que
363 2103 458 2142 vide
482 2104 579 2155 quid
608 2105 858 2154 grammatici
887 2104 937 2142 de
967 2107 1068 2141 versi
1087 2103 1270 2158 perfecto
1298 2101 1591 2153 praeceperint.
1639 2099 1741 2138 Sunt

257 2181 393 2212 autem
424 2174 475 2212 de
506 2165 627 2213 versu
658 2181 818 2227 sumpta
846 2174 917 2212 illa
942 2172 1080 2220 verba,
1111 2172 1300 2225 quietalis
1332 2184 1424 2210 esse
1454 2171 1604 2223 potuit:

459 2318 467 2325 .
498 2301 572 2326 non
603 2288 793 2326 Hercules
815 2293 952 2335 potest,
983 2289 1050 2335 qui
1071 2286 1218 2334 Auyz'ae
1249 2285 1391 2323 aversit
1416 2279 1578 2337 κόπρον.

255 2399 403 2437 Hiatus
434 2401 502 2452 qui
529 2406 590 2438 est
620 2401 725 2438 inter
751 2402 896 2448 Auyiae
927 2406 966 2437 et
996 2402 1138 2436 aversic
1167 2398 1390 2448 legitimus:
1430 2399 1483 2435 cf.
1513 2395 1739 2445 Lachrman—
1772 2452 1778 2459 .

256 2482 331 2506 nus
361 2469 402 2506 in
430 2469 610 2508 Lucretii
636 2470 704 2507 ΙΙΙ
734 2475 802 2510 374
835 2483 874 2521 p.
910 2475 987 2509 161.

369 2562 601 2614 Sequuntur
639 2564 717 2601 tria
754 2564 1003 2612 fragmenta,
1063 2574 1188 2613 quae,
1240 2560 1347 2613 quod
1387 2560 1501 2599 multi
1538 2559 1738 2607 viderunt,

257 2638 343 2670 arte
376 2633 612 2681 cohaerent,
651 2646 727 2672 nec
754 2638 889 2671 tamen
916 2637 1028 2681 ante,
1059 2637 1103 2669 ut
1133 2632 1240 2684 apud
1272 2631 1512 2679 oehlerum,
1544 2630 1617 2669 sed
1636 2630 1739 2682 'post

256 2704 367 2742 illam
406 2704 718 2757 descriptionem
757 2717 803 2741 ac
850 2703 1160 2742 detestationem
1197 2703 1380 2741 luxuriae
1419 2703 1564 2741 locum-
1586 2700 1736 2739 habue-

255 2781 361 2813 runt.
423 2775 524 2814 Cum
564 2774 669 2813 enim
705 2773 845 2812 sordes
882 2775 981 2813 istas
1019 2774 1087 2813 vel
1125 2773 1183 2812 ab,
1210 2773 1389 2820 Hercule
1428 2773 1561 2824 aliquo
1602 2783 1736 2808 emun-

258 2844 343 2882 dari
378 2859 499 2897 posse
531 2844 697 2892 diffidit,
740 2857 827 2882 eam
855 2845 1015 2893 urbem,
1053 2858 1173 2896 quam
1198 2857 1249 2881 ne
1278 2843 1367 2895 ipsa
1389 2843 1573 2896 quidem,
1607 2841 1641 2880 si
1670 2854 1736 2882 cu-

255 2921 384 2966 peret,
414 2915 532 2953 Salus
564 2928 727 2953 servare
757 2924 909 2966 posset,
941 2916 1050 2953 Iovis
1081 2915 1247 2969 fulmine
1275 2914 1433 2966 percuti
1456 2918 1666 2964 precatur:
1726 2961 1741 2964 ἢ
