1898 3236
198 221 250 261 84
772 229 1113 262 coninc'rANEA.

197 346 282 373 non'
312 348 477 387 possum
511 349 592 373 non
622 334 753 373 eidem
779 334 949 388 alterum
980 335 1155 377 demere.
1214 336 1320 375 Nam
1344 338 1451 390 quod
1482 338 1683 378 Oehlerus

200 405 249 443 fr.
273 413 293 446 5
325 405 547 453 Gerlachii,
578 410 621 443 ut
648 404 822 452 videtur,
848 405 1039 444 indicium
1066 413 1227 445 secutus
1258 408 1314 446 ita
1348 407 1579 459 distinguit:

524 519 584 555 Ad
607 519 766 555 biviram
798 520 915 563 venio,
944 530 1029 556 cum
1059 522 1188 557 vellem
1214 522 1422 566 ostendere,
1455 523 1547 569 quid

410 590 559 632 Vellem,
590 588 822 633 Metamelos‚
855 588 1142 628 Inconstantiae
1168 592 1273 638 filias

402 659 464 695 Me
494 660 761 707 reprehendit,

201 772 277 797 nec
302 758 409 810 quod
433 759 493 797 illi
522 759 723 798 voluerint
752 758 869 797 metri
898 771 1025 809 genus
1055 773 1144 799 esse
1174 761 1389 811 intellego,
1417 773 1494 799 nec
1524 761 1683 800 omnino

202 842 365 880 possum
410 829 464 868 ibi
502 829 705 868 numerosi
740 828 839 882 quid
875 829 973 868 meis
1014 830 1174 870 auribus
1208 832 1433 883 percipere.
1494 831 1683 870 Ceterum

203 912 280 950 quo
319 900 522 946 sententia
558 905 670 938 recte
699 899 880 950 legatur,
911 901 1090 951 graviter
1118 914 1225 953 pone
1256 905 1362 940 venio
1394 902 1585 953 distingui
1615 901 1682 941 de-

200 969 284 1008 bet.
342 970 407 1008 De
438 982 540 1008 voce
572 971 711 1016 bivira,
750 982 871 1021 quam
903 984 979 1010 nec
1018 970 1219 1010 Oehlerus
1270 985 1347 1011 nec
1388 986 1507 1026 quem
1544 973 1684 1011 laudat

201 1038 427 1078 Freundius
456 1045 567 1079 recte
599 1040 777 1091 aceepit,
818 1041 1038 1080 consultius
1072 1046 1158 1080 erat
1186 1042 1228 1080 in
1257 1041 1380 1081 Nonii
1411 1044 1683 1096 explicatione

204 1110 463 1161 acquiescere
507 1108 563 1161 (p.
603 1114 670 1159 79,
707 1108 794 1160 20:
844 1111 1032 1150 ‘biviras'
1078 1123 1176 1160 quas
1213 1123 1306 1150 usus
1343 1114 1478 1150 biduas
1518 1114 1682 1160 (viduas)

203 1183 382 1229 appellat.
430 1181 610 1219 Biviram
637 1181 743 1219 enim
770 1194 794 1218 a
824 1181 1008 1220 Varrone
1037 1187 1132 1233 puto
1162 1181 1438 1231 προληπτικῶς
1469 1182 1549 1221 dici
1582 1196 1683 1231 eam,

204 1263 308 1302 quae
339 1264 427 1289 cum
451 1250 576 1289 vidua
599 1251 664 1299 sit,
694 1251 812 1290 alteri
841 1251 927 1289 viro
954 1250 1105 1290 nubere
1136 1252 1283 1303 cupiat.
1323 1239 1520 1305 Depingit
1550 1257 1685 1291 autem

203 1321 331 1359 Varro
361 1320 497 1372 lepide
528 1321 690 1359 anxium
720 1326 760 1359 et
785 1320 1081 1360 inconstantem
1109 1322 1322 1373 petitorem
1349 1324 1498 1362 uxoris.

315 1403 503 1455 Denique
533 1415 622 1441 cum
652 1402 779 1440 semel
810 1403 851 1440 in
878 1402 957 1441 hac
985 1408 1122 1441 satura
1148 1403 1352 1453 deverser,
1384 1405 1563 1444 breviter
1583 1418 1608 1443 a
1631 1404 1682 1443 fr.

205 1481 227 1514 3
263 1473 460 1525 repellam
497 1473 672 1524 ineptias
704 1471 888 1512 Oehleri.
939 1472 1090 1512 Scribit
1127 1474 1232 1512 enim
1267 1475 1424 1515 Nonius
1458 1490 1498 1528 p.
1529 1481 1609 1523 397,
1640 1481 1683 1516 31
1737 1481 1753 1492 ⁸

145 1558 153 1572 =
205 1544 412 1582 ‘Sacrum'
453 1549 508 1581 est
552 1548 747 1581 sacratum
787 1546 844 1581 vel
881 1546 1108 1593 reliyiosum.
1179 1546 1279 1594 Viry.
1310 1568 1367 1573 -—
1394 1567 1463 1581 -.
1523 1546 1684 1584 Sacrum

203 1617 313 1652 eliam
343 1616 541 1652 scelestum
571 1618 607 1650 et
630 1615 866 1656 detestabile;
893 1618 946 1653 ita
976 1621 1012 1653 ec
1032 1611 1307 1654 consecratam.
1346 1618 1538 1666 Afranius
1557 1638 1612 1645 —·
1630 1637 1687 1644 --

214 1685 337 1722 Varro
367 1685 464 1732 Leye
492 1685 638 1720 Minia:
670 1685 828 1733 ‘siquam‘
854 1696 970 1722 sacra
997 1696 1078 1722 esse
1108 1688 1314 1735 desierunt,
1342 1693 1592 1736 posteaquam
1619 1688 1685 1724 ho-

204 1757 322 1791 mines
353 1759 441 1791 sunt
465 1754 593 1802 facti?
650 1753 701 1792 *Id
732 1754 839 1806 quod
869 1755 999 1807 quivis
1031 1755 1099 1806 qui
1130 1761 1282 1796 attente
1313 1757 1436 1797 Nonii
1463 1756 1595 1794 locum
1624 1757 1683 1794 in·
1743 1778 1753 1790 ·

205 1825 380 1876 sliceret
433 1823 673 1874 intellegere
715 1824 865 1876 potuit,
910 1824 1054 1863 deesse
1090 1825 1132 1864 in
1165 1826 1357 1866 Varronis
1400 1827 1603 1864 enuntiato
1642 1825 1684 1864 id

207 1894 314 1947 quod
345 1907 392 1933 eo
422 1894 625 1932 illustrare
645 1893 801 1933 Nonius
825 1895 966 1943 voluit,
993 1894 1070 1933 hoc
1090 1895 1297 1946 perspexit
1323 1894 1457 1933 Lucas
1477 1896 1685 1934 Fruterius

204 1964 245 2002 in
274 1963 557 2003 verisimilibus
577 1964 621 2002 Π
642 1970 677 2012 4,
707 1965 774 2017 qui
803 1965 845 2003 in
873 1965 952 2003 fine
979 1964 1205 2002 sententiae
1232 1967 1338 2002 sacri
1357 1964 1452 2003 addi
1473 1966 1683 2004 verissime

204 2034 333 2073 iubet:
381 2048 500 2086 quam
535 2048 678 2074 vocem
716 2034 947 2086 absorptam
974 2018 1070 2085 puto
1101 2033 1150 2072 ab
1177 2034 1405 2086 insequenti
1435 2035 1557 2073 Nonii
1585 2035 1682 2074 lem-

205 2111 311 2143 mate
353 2107 487 2163 saucii.
548 2104 698 2144 Scribit
727 2112 861 2145 autem
889 2104 1099 2144 Fruterius
1130 2109 1256 2142 totum
1281 2104 1415 2143 locum
1445 2105 1521 2144 hoc
1544 2106 1682 2144 mode:

408 2207 566 2256 Siynata
603 2219 719 2245 sacra
755 2219 836 2246 esse
868 2209 1083 2254 desierunt,
1140 2211 1345 2255 postquam
1383 2208 1551 2245 homines
1586 2208 1687 2255 sacti

1278 2281 1368 2314 sunt
1390 2279 1505 2315 sacri.

206 2377 320 2429 Quae
357 2391 519 2416 versum
556 2377 795 2429 quadratum
831 2377 1027 2430 praebere
1056 2381 1190 2428 putat:
1227 2375 1367 2415 ludere
1390 2377 1614 2416 Varronem
1641 2378 1683 2416 in

205 2448 504 2498 paronomasia,
538 2460 633 2506 cum·
651 2448 779 2496 dicat,
819 2462 934 2487 sacra
961 2449 1179 2498 resignata,
1215 2446 1424 2503 evulgata,
1470 2448 1685 2499 prostituta

205 2531 295 2556 esse
335 2518 537 2568 coepisse,
579 2530 668 2554 cum
696 2517 776 2554 iam
810 2517 993 2555 homines
1023 2516 1188 2555 scelesti
1218 2521 1257 2553 et
1293 2517 1397 2554 sacri
1429 2518 1508 2555 sint
1537 2518 1681 2555 effecti.

204 2589 313 2638 Ergo
333 2589 494 2637 ‘siynata
517 2599 634 2624 sacra
659 2586 789 2625 voluit
809 2599 899 2625 esse
919 2586 1077 2634 illaesa,
1108 2586 1326 2634 inviolata„
1349 2586 1683 2638 quemadmodum

204 2658 382 2697 Lucilius
408 2656 515 2710 apud
535 2657 711 2695 Nonium
730 2671 770 2709 p.
795 2663 872 2704 171,
896 2646 918 2697 3
937 2659 1125 2705 siynatam
1146 2660 1327 2706 viryinem
1350 2657 1451 2695 dixit
1470 2657 1682 2695 intactam:

206 2728 256 2766 de
287 2742 365 2780 quo
395 2728 579 2779 Scaliger
605 2729 647 2766 in
679 2728 887 2766 catalectis
915 2741 955 2779 p.
988 2733 1065 2768 193.
1122 2727 1315 2766 Attamen
1343 2732 1388 2765 ut
1416 2727 1513 2766 mihi
1541 2737 1680 2766 versus

203 2799 279 2836 iste
317 2798 492 2837 Fruterii
526 2798 737 2850 displicet,
775 2795 831 2836 ita
865 2798 914 2836 de
949 2799 1124 2850 priorum
1165 2797 1435 2849 explicatione
1475 2795 1678 2834 addubito,

202 2869 304 2907 Nisi.
322 2869 428 2906 enim
456 2881 572 2907 saera
602 2870 644 2907 in
674 2868 856 2934 epitheti·
869 2869 950 2906 vim
981 2868 1197 2919 accipitur,
1227 2868 1359 2918 perire
1391 2877 1556 2903 acumen
1589 2877 1677 2902 sen-
