1898 3236
784 257 1126 289 coumcrANEA.
1175 292 1178 294 ,
1264 280 1267 282 -
1623 253 1704 293 149

214 369 382 416 infernis
416 368 603 405 tenebris:
640 363 979 418 quemadmodum
1008 365 1205 403 Horatius
1239 379 1361 405 carm.
1392 367 1454 407 IV
1483 372 1518 415 7,
1548 373 1593 408 25
1642 370 1708 406 Ιη-

213 440 341 488 fernis
366 449 488 486 neque
516 439 615 475 enim
641 438 808 474 tenebris
832 437 962 472 Diana
988 437 1170 483 pudicum
1195 439 1334 476 liberat
1363 439 1636 487 Hippolytum,
1669 444 1710 477 et

216 508 422 560 Vergilius
451 507 557 546 Aen.
583 506 668 545 VII
690 512 757 547 325
787 506 1038 555 Inferni-sque
1065 509 1138 545 ciet
1167 510 1344 554 tenebris.
1385 509 1443 548 Ut
1470 509 1550 548 iam
1581 523 1710 549 emer-

216 586 287 632 gat
316 593 366 618 ea
403 592 523 631 quam
562 576 790 628 significavi
822 577 1026 615 sententia
1065 590 1115 616 ex
1154 578 1232 617 hac
1262 580 1600 619 conformatione:
1654 582 1711 619 Sit

215 655 350 690 saltem
380 651 546 699 infernis
582 651 747 688 tenebris
776 640 899 694 κακὸς
931 646 1084 699 δαίμων
1121 655 1236 699 alque
1265 653 1406 690 habeat
1433 653 1604 690 homines
1635 654 1708 690 sol-

215 727 354 770 licitos,
385 724 488 771 quod
514 733 600 759 eum
619 722 735 769 peius
760 721 976 769 formidant
1001 733 1116 770 quam
1143 723 1244 771 fullo
1271 726 1428 762 ululam.
1483 724 1533 762 In
1564 721 1709 775 quibus

217 800 287 834 aut
315 793 456 833 eludor
488 792 628 831 fallaci
659 791 795 843 speeie
828 796 897 830 aut
924 791 1153 844 dactylicus
1183 807 1373 833 numerus
1402 795 1524 833 latet:

422 897 480 934 Sit
506 897 640 932 saltem
669 894 838 942 infernis
868 896 1034 941 tenebris
1066 916 1117 922 —

346 950 350 952 i
544 967 668 1013 Atque
694 965 834 1002 habeat
862 966 1034 1003 homines
1058 967 1239 1005 sollicitos
1267 969 1370 1016 quod
1392 979 1479 1005 eum

419 1039 537 1076 Peius
562 1037 779 1085 formidant
806 1048 921 1084 quam
945 1036 1045 1084 fullo
1074 1039 1232 1074 ululam.

219 1141 377 1194 Quibus
413 1140 447 1178 si
482 1139 581 1177 licet
614 1136 839 1184 confidere,
878 1142 1042 1189 praesto
1080 1140 1145 1177 est
1181 1138 1303 1177 etiam
1341 1139 1411 1192 qui
1438 1138 1556 1191 primi
1584 1137 1710 1176 hexa-

218 1213 335 1251 metri
369 1211 519 1250 exitum
549 1208 736 1259 refingas.
788 1207 890 1246 Cum
919 1210 1025 1247 enim
1055 1207 1340 1261 Aristophanis
1368 1209 1563 1263 Equitum
1583 1224 1623 1247 v.
1646 1215 1710 1249 111

220 1284 406 1323 confero:
426 1273 524 1332 ἆτᾶρ
543 1278 614 1318 τοῦ
634 1277 819 1328 δαίμονος
837 1271 979 1330 δέδοιχ’
1006 1274 1113 1326 ’ὅπως
1132 1271 1187 1330 μὴ
1206 1274 1389 1330 τεύξομαι
1411 1279 1713 1330 κακοδαίμονος,

218 1364 297 1394 non
336 1351 603 1406 improbabile
643 1349 806 1389 videtur
836 1351 1062 1390 Varronem
1097 1364 1170 1403 pro
1209 1349 1382 1402 simplici
1412 1343 1533 1398 κακὸς
1561 1349 1712 1401 δαίμων

219 1427 277 1465 ita
304 1430 348 1463 ut
377 1417 544 1462 numero
576 1422 793 1461 conveniat
824 1423 1037 1474 scripsisse-
1070 1420 1222 1472 δαίμων
1251 1420 1516 1472 κακοδαίμων.
1557 1422 1640 1462 Sed
1661 1435 1712 1460 ne

220 1494 627 1550 quidwlissimulem,
663 1493 917 1552 incommodo
952 1499 1014 1532 est
1051 1492 1172 1540 illud,
1216 1492 1325 1545 quod
1354 1493 1597 1544 pentametri
1623 1493 1713 1531 finis

220 1569 261 1606 in
290 1566 465 1606 mediam
494 1564 638 1603 incidit
671 1565 933 1603 sententiam:
971 1563 1022 1602 de
1058 1578 1136 1616 quo
1174 1563 1416 1611 videndum,
1450 1570 1583 1602 utrum
1609 1564 1711 1603 Var-

221 1636 310 1677 roni
346 1634 594 1674 concedatur
622 1649 766 1674 necne.
827 1635 937 1686 Quid
965 1635 1079 1674 ulula
1105 1634 1158 1674 ad
1187 1634 1404 1683 fullonem,
1435 1649 1515 1673 non
1543 1640 1714 1686 exputo:

221 1711 377 1761 Popma
412 1706 575 1760 quidem
613 1705 864 1745 emendando
901 1719 982 1744 non
1021 1706 1182 1744 felicior
1216 1705 1295 1744 fuit
1325 1719 1444 1758 quam
1469 1705 1714 1759 explicando

223 1780 438 1820 Oehlerus.

337 1853 405 1891 Fr.
433 1851 500 1889 ΙΠ
536 1848 792 1896 adversario,
827 1862 945 1900 quem
978 1848 1225 1899 significavi,
1254 1847 1488 1899 cynicorum
1517 1846 1713 1886 attribuo:

223 1929 266 1962 ut
297 1936 439 1962 canem
468 1922 555 1960 sine
589 1919 720 1959 cauda
759 1918 848 1970 (vel
875 1919 998 1968 coda,
1030 1919 1138 1972 quod
1167 1918 1343 1959 Varroni
1366 1918 1543 1971 placuit:
1581 1918 1633 1956 cf.
1667 1918 1713 1957 C.

223 1995 270 2034 L.
298 1992 538 2034 Schneideri
565 2004 732 2042 gramm.
755 1991 828 2030 lat.
850 1992 871 2030 I
894 2005 934 2043 p.
957 1998 1002 2033 59
1021 1990 1119 2043 sq.),
1152 1990 1210 2028 sic
1230 1990 1479 2041 Menippum,
1511 1989 1580 2028 vel
1610 2002 1714 2036 eum,
1736 1972 1745 1979 ⁶

223 2079 343 2119 quem
383 2065 432 2103 fr.
475 2064 536 2103 IV
578 2063 780 2108 nominat,
836 2060 1065 2111 Diogenem
1110 2058 1196 2099 sine
1234 2061 1318 2099 ullo
1360 2060 1566 2113 'politioris
1604 2058 1716 2097 vitae

225 2137 336 2175 cultu
369 2135 554 2184 degisse:
591 2134 632 2171 in
667 2146 744 2184 quo
775 2132 962 2184 apposita
992 2131 1044 2169 ad
1078 2144 1163 2169 rem
1194 2132 1305 2170 canis
1337 2131 1559 2183 appellatio
1589 2131 1715 2168 nemi-

223 2221 318 2246 nem
346 2207 462 2256 fugit.
522 2204 591 2242 Illi
620 2216 718 2242 vero
750 2201 974 2241 contradici
1003 2201 1053 2240 fr.
1082 2202 1144 2241 IV
1172 2202 1346 2251 videtur,
1378 2203 1608 2254 Diogenem
1636 2201 1716 2239 non

225 2280 282 2317 ita
311 2277 453 2316 rudem
476 2276 623 2321 fuisse,
661 2279 706 2312 ut
740 2286 859 2326 quem
887 2285 940 2310 ne
977 2272 1177 2330 bellarum
1206 2273 1370 2325 quidem
1394 2273 1622 2312 litterarum
1644 2285 1716 2310 no-

225 2349 315 2387 titia
346 2346 557 2386 defecerit.
617 2346 682 2384 De
721 2345 909 2395 Diogene
947 2349 1083 2382 autem
1125 2344 1234 2396 quod
1272 2349 1312 2383 et
1345 2343 1424 2383 hoc
1463 2349 1504 2382 et
1528 2341 1716 2396 probabi-

226 2420 320 2458 liter
346 2418 394 2456 fr.
419 2417 487 2456 ΙΙΙ
509 2417 667 2465 dicitur,
689 2414 884 2469 proclivis
907 2419 993 2452 erat
1017 2427 1041 2452 a
1062 2415 1254 2468 Menippo
1280 2415 1333 2454 ad
1354 2421 1560 2454 auctorem
1579 2419 1718 2452 sectae

226 2490 476 2540 Diogene-m,
508 2502 555 2527 ac
587 2489 762 2527 fortasse
791 2485 843 2525 ad
874 2499 1012 2524 omnes
1043 2486 1277 2539 cynicorum
1301 2487 1479 2525 rationes
1509 2483 1716 2522 transitus.

226 2563 295 2601 Fr.
325 2561 386 2600 IV
418 2573 508 2598 cum
539 2560 586 2598 -in
622 2558 736 2597 libris
777 2558 829 2596 sit
857 2555 1070 2609 utrobique
1103 2563 1144 2596 et
1165 2572 1206 2610 p.
1235 2564 1324 2606 231,
1353 2566 1374 2598 5
1413 2561 1454 2595 et
1482 2570 1522 2608 p.
1552 2561 1642 2602 248,
1678 2562 1715 2595 ll

227 2635 316 2670 dum
355 2633 482 2669 usioni
517 2635 558 2668 et
593 2643 631 2680 p.
667 2634 737 2670 248
774 2635 865 2666 tunc
904 2632 1023 2677 quod,
1072 2629 1211 2667 nescio
1250 2643 1302 2667 an
1329 2627 1436 2666 Iunii
1461 2627 1718 2678 Mercerique
1750 2638 1756 2642 ’

228 2701 470 2742 correctioni
515 2707 592 2739 tum
633 2722 690 2728 —
727 2706 805 2738 tum
846 2705 1029 2751 praestet
1070 2712 1157 2737 cum
1202 2701 1329 2737 usioni
1364 2719 1421 2724 —
1462 2703 1553 2734 tunc
1597 2699 1722 2744 quod:

229 2787 330 2826 quas
367 2771 554 2822 coniungi
600 2769 771 2810 subinde
809 2771 1031 2823 particulas
1066 2770 1352 2809 Lachmannus
1391 2766 1443 2806 ad
1481 2766 1662 2804 Lucretii
1698 2766 1720 2803 I

233 2852 299 2886 130
328 2842 525 2894 exemplis
552 2841 753 2894 probavit.
807 2841 1048 2881 Gerlachius
1078 2840 1242 2894 quidem
1271 2852 1360 2877 cum
1386 2840 1543 2876 vixdum
1564 2823 1723 2885 pusioni

230 2915 371 2967 reponi
403 2912 588 2959 suadeat,
620 2911 759 2951 videat
787 2911 875 2963 ipse
904 2923 984 2964 quo
1014 2911 1133 2950 modo
1160 2909 1319 2962 reliqua
1350 2908 1593 2947 conveniant
1621 2920 1720 2960 quo-
