1898 3236
270 236 285 274 1
299 236 311 274 1
324 235 349 274 2
841 247 1179 282 comacum-EA.

267 351 356 390 loco
399 353 537 403 posui:
594 365 698 403 quae
747 365 837 390 cum
879 352 1043 405 obliqua
1087 354 1383 393 enuntiatorum
1431 358 1747 399 conformatione

266 427 348 465 tam
386 422 490 459 inter
529 435 572 459 se
611 423 891 461 contineantur
925 437 1044 476 quam
1074 430 1338 475 segregentur
1368 426 1602 479 areliquis,
1629 443 1745 482 prae-

266 492 390 530 missa
435 505 509 543 per
551 493 792 545 colloquium
842 494 921 546 ipsi
967 494 1106 533 Ulixei
1161 495 1306 533 erroris
1352 498 1573 536 narrationi
1622 499 1748 539 fuisse

266 563 461 613 suspicor,
494 576 572 615 quo
602 569 943 616 praepararentur
972 565 1129 617 reliqua
1160 572 1200 605 et
1225 567 1440 606 similitudo
1469 560 1747 609 Varro'nianae

267 645 355 670 cum
388 633 520 671 Ulixis
550 633 785 672 condicione
817 648 863 672 ac
898 635 1194 675 calamitatibus
1230 638 1346 690 quasi
1371 637 1474 677 'ante
1511 640 1648 678 oculos
1675 654 1745 693 po-

263 708 445 741 neretur:
478 703 564 742 fere
584 710 628 742 ut
650 704 757 757 apud
776 705 1032 743 Lucianum
1021 719 1062 743 1n
1085 719 1133 745 ea
1158 713 1307 755 satura,
1332 709 1395 747 cui
1414 709 1593 761 lepidum
1608 710 1744 749 Icaro-

199 815 204 822 ,
263 773 441 824 menippi
471 787 617 812 nomen
645 775 866 838 praefixum
896 781 969 823 est,
1001 775 1216 828 Menippus
1245 780 1480 832 priusquam
1512 793 1626 818 suum
1657 794 1743 819 cur-

264 855 350 880 sum
392 845 543 882 ae'rium
583 851 812 894 enarraret,
848 859 929 884 non
970 847 1103 885 omisit
1129 855 1335 888 auctorum
1364 849 1542 889 Daedali
1569 855 1609 889 et
1637 851 1744 890 Icari

263 913 494 953 admonere.
557 914 677 966 Quod
717 876 879 968 quidem
918 917 1157 968 opusculum
1201 933 1298 959 vere
1327 921 1587 972 Menippeum
1622 922 1743 960 etiam

263 983 352 1021 aliis
390 984 617 1023 nominibus
656 991 750 1037 apte
788 999 877 1023 cum
914 992 1050 1024 nostra
1087 994 1225 1027 satura
1255 975 1444 1029 'conferre
1480 992 1595 1030 licet:
1638 983 1742 1045 quae

260 1067 366 1092 nunc
402 1068 480 1093 non
514 1069 749 1108 persequor.
810 1058 985 1107 Pergam
1018 1058 1176 1096 interim
1213 1065 1341 1099 totum
1369 1061 1628 1113 reliquiarum
1659 1076 1739 1100 am-

259 1124 384 1163 bitum
412 1127 629 1177 permetiri.
672 1127 834 1164 Etenim
862 1140 1055 1178 prospero
1089 1141 1185 1167 casu
1215 1131 1366 1175 factum
1393 1137 1472 1180 est,
1506 1132 1613 1184 quod
1639 1134 1739 1182 eius,

260 1209 364 1248 quae
403 1202 462 1234 tot
503 1197 740 1248 fragmentis
776 1197 968 1245 refertur,
1000 1200 1336 1249 peregrinationis
1363 1203 1484 1240 etiam
1514 1203 1631 1255 quasi
1661 1209 1739 1242 ter-

258 1267 385 1304 minos
408 1266 605 1319 quosdam
631 1281 853 1318 agnoscere
874 1268 982 1307 licet.
1018 1270 1296 1320 Designantur
1316 1273 1421 1310 enim
1440 1273 1581 1322 Roma,
1612 1274 1739 1312 Athe-

257 1350 348 1383 nae,
381 1337 494 1386 Asia,
526 1339 582 1376 ita
614 1338 789 1391 quidem,
817 1344 862 1377 ut
891 1340 1007 1391 quasi
1035 1353 1113 1378 uno
1147 1347 1365 1413 conspectu
1384 1343 1514 1382 Varro
1546 1357 1615 1382 eas
1639 1358 1739 1396 quas

259 1407 404 1445 adierit
433 1409 619 1459 regiones
649 1410 909 1462 proposuisse
939 1406 1137 1449 videatur.

375 1515 412 1551 17
465 1512 534 1549 Ubi
561 1513 663 1560 quod
689 1514 819 1560 lupam
850 1515 996 1550 alumni
1019 1514 1209 1561 sellarum
1238 1515 1335 1571 olim.

374 1606 414 1639 18
462 1602 534 1639 Ubi
561 1604 671 1640 nitidi
694 1604 829 1650 ephebi
857 1608 955 1640 vesle
978 1604 1090 1650 pulla
1119 1606 1275 1641 candidi

459 1672 628 1708 Modeste
659 1675 789 1709 amicti
819 1703 832 1719 ,ι
861 1702 868 1709 .
892 1678 1062 1720 pascunt
1085 1679 1255 1720 pectore.

372 1767 413 1801 19
465 1763 533 1799 Ubi
558 1767 594 1798 et
623 1759 803 1800 dicantur
832 1764 992 1800 barbari
1018 1765 1313 1801 innumerabiles

456 1834 616 1869 Lateres
644 1844 796 1882 aureos⁴
806 1835 994 1871 habuisse.

254 1922 418 1960 Etenim
446 1922 568 1974 lupae
598 1936 791 1961 mammas
823 1929 1014 1974 sugentes
1047 1922 1108 1974 (h
1132 1937 1167 1964 e.
1191 1924 1296 1961 enim
1320 1924 1481 1972 fallare:
1524 1925 1576 1963 cf.
1603 1939 1643 1977 p.
1666 1925 1733 1977 90)

255 1992 435 2030 alumnos
462 1993 677 2032 Romulum
708 2000 748 2032 et
779 1994 950 2033 Remum
976 2008 1087 2043 esse,
1119 1999 1162 2032 ut
1185 1995 1318 2047 quivis
1350 1995 1545 2044 agnoscit,
1576 1996 1633 2034 ita
1663 1995 1732 2033 ad-

253 2064 406 2101 monuit
438 2063 634 2103 Columna
665 2064 717 2103 ad
746 2055 867 2103 Exinii
905 2066 1134 2116 fragmenta
1162 2079 1201 2117 p.
1236 2070 1280 2105 56
1313 2064 1377 2103 ed.
1406 2065 1538 2117 Neap.
1597 2066 1732 2118 Ephe-

252 2132 324 2171 bos
360 2140 494 2173 autem
525 2140 640 2174 veste
677 2135 789 2187 pulla
817 2137 1010 2176 candidos
1041 2135 1268 2177 Meinekius
1301 2135 1380 2174 dici
1408 2136 1576 2173 iuvenes
1605 2135 1732 2174 Athe-

251 2204 413 2242 nienses
458 2204 569 2243 vidit.
645 2207 834 2259 Denique
876 2206 1137 2247 barbarorum
1178 2207 1328 2245 lateres
1372 2206 1483 2244 aurei
1524 2205 1733 2258 Lydorum
1765 2194 1771 2205 l

253 2287 324 2310 nos
364 2274 582 2314 admonent
625 2283 665 2315 et
701 2291 840 2316 aurum
882 2279 1067 2317 vehentis
1104 2278 1282 2325 Pactoli,
1323 2277 1372 2315 de
1410 2290 1488 2329 quo
1524 2277 1653 2316 Varro
1693 2278 1733 2316 in

253 2348 454 2381 Eum-omnm
486 2346 534 2385 fr.
570 2355 608 2387 1:

453 2438 583 2484 Lydo'n
607 2440 733 2485 fluens
761 2441 829 2476 sub
860 2429 1048 2476 Sardibus
1075 2438 1217 2487 flume'n
1245 2441 1328 2475 tulit

452 2509 612 2552 Aurz'cm,
642 2510 740 2544 later
772 2511 873 2556 quod
901 2509 1179 2557 conquadravit
1207 2509 1348 2556 re'yius.

252 2604 365 2656 Quos
394 2619 536 2645 versus
569 2607 713 2658 quibus
742 2608 870 2646 modis
903 2607 1068 2647 Oehleri
1102 2608 1305 2660 imperitia
1327 2607 1641 2655 deformaveirit,
1672 2609 1730 2647 vi-
1780 2620 1783 2622 ’

250 2676 394 2714 deatur
431 2676 538 2728 apud
575 2659 720 2729 ipsum.
766 2678 843 2717 Of.
884 2678 1105 2728 Roeperus.
1165 2675 1401 2732 Releren'da
1438 2683 1572 2716 autem
1604 2677 1730 2716 verba

250 2747 302 2784 ad
333 2747 546 2795 Croesum,
583 2761 703 2800 quem
730 2747 944 2786 tradebant
976 2761 997 2786 e
1029 2748 1187 2787 Pactoli
1217 2761 1314 2786 auro
1345 2747 1550 2786 confectos
1579 2748 1727 2786 lateres

248 2818 430 2868 Apollini
456 2818 657 2870 Delphico
688 2818 792 2856 dono
822 2819 992 2857 misisse.
1040 2819 1290 2858 Testimonia
1322 2819 1371 2857 de
1404 2832 1452 2856 ea
1478 2831 1521 2856 re
1547 2822 1726 2855 veterum

247 2887 341 2925 vide
378 2887 484 2939 apud
519 2889 761 2940 Roeperum.
823 2888 890 2926 Sic
930 2901 1018 2926 cum
1055 2889 1181 2927 semel
1217 2890 1256 2926 in
1290 2888 1432 2926 Asiam
1471 2900 1519 2925 ac
1553 2886 1726 2938 Lydiam
