1898 3236
719 261 1063 294 comEc'rANEA.
1240 276 1243 278 >
1562 250 1642 291 169

261 378 286 413 3
756 373 870 417 atque
901 367 1168 417 exsdnquibus
1204 411 1206 413 ,

565 470 575 480 .
632 442 762 479 dolore
789 439 979 479 e'virescdt
1007 441 1109 478 colos

261 520 284 555 2
354 516 451 553 Tum
479 518 524 552 ut
550 512 588 551 si
613 521 808 560 supernus
836 510 974 547 cdrteoe
1004 514 1073 546 aut
1098 510 1302 547 cacumina

349 586 582 624 Morie'ntum
611 587 651 622 in
679 585 888 632 querqueto
919 576 1102 619 drbo'rum
1132 581 1328 617 arittidine

262 662 286 698 4
349 657 529 695 Mortalis
556 666 665 694 nemo
695 655 876 699 exaudit,
908 653 977 689 sed
1005 653 1080 689 late
1107 652 1277 690 incolens

353 727 585 778 Scythdrum
614 724 857 774 inhospitcilis
886 725 1035 771 campis
1063 723 1234 762 vastitas.

262 809 284 843 5
350 800 462 839 Levis
486 811 592 838 mens
619 810 826 847 numquam
851 797 1084 835 sdmnurnas
1111 794 1296 844 ima'qines

352 871 544 921 Adfdtur,
573 883 650 908 non
672 870 902 908 umbra'ntur
932 880 1063 907 somno
1089 868 1276 915 papulae.

151 963 309 1016 Quibus
349 963 392 1001 in
432 967 622 1013 promptu
661 965 754 1000 sunt
794 973 847 999 ex
886 960 974 1011 ipso
1004 959 1144 998 limine
1175 957 1342 997 fabulae
1372 957 1645 1012 Aeschyleae,

152 1047 260 1088 quae
289 1047 371 1073 non
401 1032 540 1085 inepte
570 1033 851 1071 conferantur:
1136 1031 1140 1038 “
1236 1034 1240 1037 “

148 1123 189 1155 v‘.
220 1122 243 1156 2
422 1108 598 1164 Σκύθην
629 1111 667 1161 ἐς
690 1109 826 1166 οἷμον,
858 1107 1027 1165 ἅβροτον
1057 1109 1112 1158 εἰς
1140 1107 1317 1161 ἐρημίαν.

149 1212 215 1238 vv.
237 1205 278 1240 19
294 1211 385 1251 sqq.
423 1189 575 1234 ἄκοντά
601 1188 638 1233 σ’
668 1189 779 1234 ἄκων
807 1189 1012 1240 δυσλύτοις
1043 1186 1308 1244 χαλκεύμασιν

419 1261 778 1315 προσπασσαλεύσω
807 1259 903 1322 τῷδ’
934 1259 1200 1319 ἀπανθρώπῳ
1230 1258 1359 1318 πάγῳ,

421 1331 476 1376 ἵν’
507 1330 599 1375 οὔτε
629 1332 771 1387 φωνὴν
799 1330 890 1376 οὔτε
920 1330 990 1375 τόν
1017 1327 1178 1387 μορφὴν
1205 1334 1358 1387 βροτῶν

421 1401 528 1458 ὄψει.

152 1490 204 1529 cf.
246 1496 291 1531 31
330 1502 393 1542 sq.
432 1488 484 1527 al.
544 1488 887 1527 Varronianorum
918 1487 1037 1538 tetigi
1069 1485 1138 1525 frr.
1175 1493 1205 1526 l.
1238 1492 1272 1526 2.
1304 1494 1325 1527 5
1362 1498 1484 1538 supra
1516 1501 1556 1538 p.
1588 1493 1646 1528 56,

150 1567 210 1603 94.
237 1566 296 1602 69.
356 1560 424 1598 Fr.
459 1566 483 1600 3
521 1559 664 1611 scripsi
702 1557 1042 1611 quemadmodum
1076 1556 1330 1596 Ribbeckius
1365 1558 1575 1597 constituit
1604 1559 1648 1597 in

150 1631 397 1682 tragicorum
439 1630 655 1668 latinorum
695 1629 882 1681 reliquiis
917 1643 958 1681 p.
996 1635 1084 1678 302,
1138 1630 1207 1681 qui
1250 1642 1274 1667 a
1309 1628 1495 1667 Varrone
1531 1634 1648 1680 putat

151 1714 274 1740 unum
309 1706 350 1740 et
395 1700 566 1739 alterum
598 1690 770 1739 'versum
808 1713 861 1738 ex
899 1698 1005 1737 Attii
1041 1700 1283 1739 Prometheo
1328 1699 1498 1738 ascitum
1540 1713 1645 1739 esse.

151 1773 232 1811 Pro
262 1773 526 1821 eoesanquibus
556 1784 610 1810 ne
646 1771 736 1823 quis
770 1771 965 1820 exsanyui
996 1770 1193 1822 singulari
1232 1776 1455 1821 expectet*
1487 1777 1650 1823 poterat

151 1843 220 1881 vel
248 1842 512 1894 praemissum
541 1854 632 1881 esse
660 1843 730 1881 vel
758 1842 876 1894 sequi
913 1854 994 1879 vox
1030 1840 1139 1879 unde
1176 1840 1280 1879 illud
1317 1841 1547 1893 pendebat,
1576 1856 1646 1881 ve·

152 1913 216 1952 lut
250 1915 427 1951 membris
462 1913 530 1952 vel
561 1915 734 1952 artubus.
791 1913 873 1952 Pro
903 1916 1090 1952 evirescat
1119 1912 1161 1950 in
1185 1910 1381 1951 Leidensi
1410 1912 1474 1952 bis
1503 1917 1648 1952 eiures-

151 1991 215 2024 cat
245 1984 474 2024 exhibetur.
535 1983 758 2036 Segregari
787 1990 922 2023 autem
953 1983 1004 2022 ab
1035 1982 1116 2021 illis
1142 1981 1266 2021 debet
1290 1982 1337 2021 fr.
1359 1989 1393 2030 6,
1424 1983 1533 2036 quod
1553 1984 1649 2023 huic

153 2056 313 2095 omnino
341 2061 505 2095 saturae
528 2069 610 2094 non
639 2056 791 2094 maiore
819 2054 900 2093 fide
930 2052 1173 2092 adscribitur
1210 2066 1330 2105 quam
1355 2053 1416 2092 'fr.
1447 2060 1482 2095 7.
1541 2054 1649 2094 Vide

153 2127 204 2166 de
231 2127 302 2166 illo
332 2127 385 2166 H.
415 2126 547 2165 Keilii
578 2125 884 2173 adnotationem
921 2123 975 2162 ad
1003 2123 1248 2179 Diomedem
1286 2137 1326 2175 p.
1359 2131 1448 2166 395:
1491 2125 1542 2164 de
1570 2126 1649 2164 hoc

153 2199 362 2237 inventum
399 2198 455 2235 Μ.
495 2196 656 2235 Hertzii
705 2196 1219 2244 (philoloyisch-lclinischer
1257 2196 1454 2245 Streifzuy
1491 2209 1530 2247 p.
1569 2195 1647 2246 28).

153 2268 189 2306 Ε
219 2268 389 2321 reliquis
414 2268 502 2306 eius
529 2272 691 2304 saturae
721 2265 974 2317 fragmentis,
1005 2279 1112 2319 quae
1133 2279 1330 2319 perquam
1358 2266 1495 2305 iocose
1520 2267 1647 2306 homi-

151 2353 226 2393 nes
250 2339 513 2390 effingentem
535 2336 826 2376 Prometheum
850 2335 1090 2390 depingunt,
1115 2336 1237 2376 valde
1260 2336 1435 2377 ridiculo
1458 2339 1648 2390 exemplo

154 2410 359 2450 oehlerus
391 2408 438 2447 fr.
468 2415 512 2449 10

358 2482 596 2519 Retrimenta
624 2481 700 2518 cibi
728 2491 806 2528 qua
836 2481 991 2517 exirent
1012 2491 1091 2528 per
1109 2483 1300 2529 posticum
1329 2484 1463 2520 vallem
1487 2483 1570 2531 feci

156 2565 197 2599 et
226 2567 265 2602 11
355 2561 447 2598 Cum
477 2571 628 2599 sumere
662 2560 866 2607 coepisset,
901 2561 1076 2608 voluptas
1099 2563 1303 2607 retineret,
1331 2574 1418 2600 cum
1442 2567 1503 2599 sat
1534 2564 1649 2601 habe-

358 2637 430 2678 ret,
459 2633 580 2669 satias
609 2642 764 2668 manum
790 2609 996 2680 dessmensiz
1025 2633 1173 2670 tolleret

155 2713 232 2752 hoc
261 2712 404 2752 ordine
432 2726 482 2752 ac
508 2726 590 2752 uon
615 2713 765 2765 potius,
794 2725 916 2764 quem
945 2716 1092 2750 natura
1115 2725 1248 2752 rerum
1276 2712 1452 2765 indicat,
1484 2716 1646 2755 inverso

156 2784 306 2836 posuit.
366 2783 504 2837 Atque
539 2784 582 2823 in
618 2783 690 2822 illo
717 2795 807 2822 cum
832 2794 907 2831 per
934 2786 1121 2832 posticum
1150 2783 1378 2836 explicaret
1408 2786 1420 2805 ‘
1429 2799 1505 2838 per
1533 2786 1647 2838 podi-

157 2857 276 2903 cem’,
307 2867 392 2893 rem
420 2855 575 2906 tetigit,
613 2853 793 2906 leporem
815 2854 1032 2894 locutionis
1061 2868 1140 2894 non
1167 2860 1378 2894 assecutus
1408 2860 1492 2894 est:
1525 2855 1648 2896 debe-

157 2924 227 2964 bat
261 2925 469 2965 reminisci
506 2924 653 2977 postici
683 2925 776 2964 ostii
804 2925 876 2963 ‘in
894 2926 1119 2976 posteriore
1148 2931 1266 2978 parte
1295 2925 1482 2964 aedium’
1512 2926 1647 2977 (Paul.
