1898 3236
745 287 1089 319 comncuum.
1607 279 1660 320 77

171 392 239 443 qui
278 405 329 430 ne
368 391 434 430 hic
470 391 634 444 quidem
662 391 845 431 violenta
876 393 1038 432 medela
1069 392 1280 441 abstinuit,
1323 392 1438 433 illam
1461 394 1660 446 refingere

172 463 414 500 sententiam
442 463 668 513 contigerit.
730 463 839 514 Ergo
869 463 964 502 vide
995 464 1091 502 mihi
1120 465 1289 516 primum
1318 465 1442 503 haee:
1472 478 1597 514 quare
1628 469 1664 504 si

169 534 271 570 dium
300 545 424 581 yenus
451 539 508 571 est
535 533 794 571 adamussim
821 534 908 572 sive
934 536 1062 574 mavis
1092 539 1219 574 divum
1247 548 1365 586 qens.-
1400 542 1544 576 neutra
1571 550 1656 576 cor-

169 605 310 651 rectio,
341 618 513 657 quarum-
540 604 613 642 illa
638 603 830 643 Palmerii
857 612 940 651 est,
967 607 1024 644 ita
1047 619 1072 644 a
1096 603 1209 645 libris
1232 606 1407 646 discedit
1430 606 1512 658 (diu
1535 612 1659 657 qens),

168 682 211 713 ut
240 676 307 714 vel
342 676 604 714 excusatione
635 675 830 726 indigeat.
891 676 954 714 Ac
986 676 1104 724 licet,
1135 678 1170 715 si
1197 679 1299 717 tanti
1332 684 1418 726 est,
1448 676 1672 732 utramque,

169 747 412 786 locutionem
440 746 590 786 Catulli
622 746 820 798 exemplis
850 747 1030 786 firmare:
1075 748 1217 797 LXIV
1245 755 1292 790 23
1326 750 1476 788 Heroes
1504 752 1658 795 salvete,

166 821 276 856 deum
295 830 428 867 qartus,
450 831 472 854 0
492 819 590 855 bona
612 823 747 863 mater,
769 822 810 854 et
830 817 943 868 apud.
961 819 1222 870 interpretem
1242 819 1414 870 Vergilii
1431 820 1582 859 Veron.
1599 818 1660 858 'ad

168 888 273 927 Aen.
306 889 344 928 V
371 895 419 929 80
445 891 599 934 salvete,
627 890 737 925 deum
766 899 872 937 qens,
904 901 925 925 ο
952 891 1050 927 bona
1077 896 1243 943 matrum
1270 893 1486 939 proyenies.
1547 891 1658 931 Nan-

169 959 357 997 ciscimur
382 964 517 996 autem
545 957 630 996 illis
659 957 808 996 bonum
834 954 1112 999 hexametrum
1143 962 1277 1012 capite
1308 967 1560 1001 truncatum:

371 1080 378 1086 .
414 1080 422 1087 .
453 1060 575 1097 quare
603 1051 638 1085 si
665 1051 767 1086 dium
796 1061 919 1097 qenus
946 1055 1003 1087 est
1031 1053 1084 1088 ad
1106 1054 1300 1089 amussim.

166 1153 441 1206 Eiusdemque
471 1154 587 1192 metri
616 1155 796 1206 speciem
821 1168 918 1205 prae
939 1168 984 1192 se
1006 1155 1142 1194 ferunt
1160 1156 1263 1195 haec
1286 1170 1392 1209 quae
1412 1162 1656 1209 sequuntur:

369 1275 378 1282 .
406 1257 482 1293 per
511 1256 569 1282 me
595 1247 682 1283 licet
706 1247 900 1283 adsumas.

165 1336 356 1374 Proxima
383 1341 491 1373 teneo
521 1333 661 1373 ὃιακον
687 1320 1079 1391 paullo‘graviorem
1100 1336 1236 1375 labem
1255 1342 1486 1376 traxerunt:
1518 1351 1656 1390 quam-

166 1420 286 1458 quam
313 1407 355 1445 in
384 1411 491 1444 teneo
519 1405 650 1444 latere
671 1413 829 1444 stemma
854 1407 1005 1444 nemini
1027 1407 1238 1458 Roeperus
1260 1407 1535 1458 persuadebit.
1576 1408 1656 1446 Re-

163 1491 269 1528 pono
301 1476 552 1515 confidenter
574 1474 707 1527 γένεος
733 1477 814 1515 Δία
842 1469 976 1516 αὐτόν.
1027 1478 1148 1516 Nonii
1178 1478 1322 1516 iniuria
1351 1479 1516 1525 factum,
1549 1478 1658 1530 quod

147 1555 311 1585 'nomen
349 1546 454 1585 unde
494 1547 674 1599 pendeat
712 1549 927 1597 genetivus
963 1545 1096 1598 γένεος
1132 1547 1410 1586 desideratur:
1453 1561 1534 1586 uon
1565 1561 1657 1586 rara

163 1618 267 1656 haec
303 1619 343 1656 in
380 1618 514 1656 Nonio
548 1618 778 1666 festinatio,
813 1631 935 1672 quam
962 1631 1124 1670 possum
1155 1619 1291 1658 multis
1323 1619 1520 1670 exemplis
1543 1619 1656 1657 illus-

163 1694 286 1726 trare.
346 1688 412 1726 Ad
452 1689 719 1741 supplendam
757 1689 999 1727 sententiam
1029 1702 1110 1727 non
1136 1690 1384 1729 commodius
1413 1688 1657 1728 vocabulum

162 1759 325 1797 invenio
363 1759 460 1814 hoc:
505 1754 688 1811 ἀρχηγός.
755 1760 824 1799 Sic
862 1760 1069 1798 Isocrates
1106 1760 1147 1799 in
1177 1760 1388 1812 Philippo,
1427 1775 1485 1799 or.
1514 1768 1556 1807 5,
1588 1767 1654 1802 32:

166 1828 336 1879 Θηβαῖοι
370 1826 412 1867 δὲ
441 1822 510 1867 τὸν
541 1822 716 1883 ἀρχηγὸν
743 1829 814 1869 τοῦ
846 1828 985 1882 γένους
1012 1823 1127 1881 ’ὑμῶν
1156 1831 1309 1881 τιμῶσι.
1356 1833 1501 1885 Itaque
1521 1832 1656 1884 prodit

162 1900 267 1938 alter
305 1900 512 1949 heroicus,
551 1904 614 1941 cui
652 1903 764 1942 initio
798 1899 879 1941 una
906 1901 1069 1954 syllaba
1103 1900 1240 1949 deest,
1279 1915 1399 1954 quam
1429 1905 1654 1955 praemissa

156 1974 226 2019 pol
254 1972 456 2023 particula
485 1973 658 2025 refingo:
1540 1972 1542 1974 ¹

366 2094 373 2100 .
407 2093 414 2100 .
445 2076 568 2112 quare
595 2067 630 2102 si
657 2067 759 2103 dium
789 2076 911 2114 qenus
941 2069 997 2102 est
1025 2065 1078 2102 ad
1111 2066 1303 2110 amussim,

364 2133 470 2184 [Pol]
499 2146 573 2183 per
597 2148 656 2173 me
684 2139 770 2175 licet
801 2138 984 2174 adsumas
1011 2132 1145 2187 γένεος
1178 2134 1256 2173 Δία
1285 2126 1416 2172 αὐτόν’

363 2195 604 2256 [Ἀρκηγόν]·

158 2296 229 2332 Pol
254 2294 457 2346 particula
486 2295 583 2334 licet
607 2297 782 2344 maxime
811 2297 1054 2335 comicorum
1084 2309 1160 2334 usu
1190 2295 1483 2348 frequentetur,
1515 2300 1651 2334 tamen

158 2364 252 2402 hinc
275 2378 355 2402 non
386 2364 532 2413 aliena,
565 2379 646 2417 qua
668 2367 790 2406 etiam
818 2366 1015 2405 Horatius
1045 2367 1169 2406 utitur
1197 2367 1238 2405 in
1268 2366 1453 2418 epistulis
1479 2366 1503 2404 I
1527 2371 1563 2414 7,
1592 2373 1651 2408 92.

100 2424 101 2427 Ἰ
159 2435 202 2473 II
231 2440 265 2481 2,
302 2441 377 2475 138.
414 2441 521 2473 teneo
552 2436 661 2488 quod
696 2437 849 2476 mutavi
882 2437 925 2475 in
969 2449 1118 2480 maroc,
1154 2435 1329 2489 proclivi
1368 2448 1503 2475 errore
1530 2437 1650 2487 nitor,

160 2506 273 2543 cuius
313 2505 394 2543 alia
431 2506 619 2558 exempla
656 2508 697 2545 in
734 2513 923 2560 promptu
960 2512 1074 2554 sunt,
1117 2505 1232 2546 velut
1274 2516 1541 2559 ταμησιονουν
1575 2523 1649 2561 pro

158 2571 346 2626 γαμήσεις
379 2576 478 2623 νοῦν
518 2590 559 2628 p.
594 2583 660 2618 128
697 2576 816 2618 Oehl.
855 2578 1103 2631 τενεολιακης
1139 2591 1214 2631 pro
1250 2577 1513 2629 γενεθλιακῆς
1542 2579 1650 2620 Non.

157 2660 198 2698 p.
223 2653 305 2694 504,
329 2653 385 2686 10.
425 2645 521 2684 Alia
539 2647 766 2699 proferam,
798 2660 888 2687 cum
915 2647 966 2686 de
998 2647 1131 2687 indice
1154 2653 1317 2688 saturae
1339 2653 1466 2686 Auos
1494 2654 1650 2688 Manem

160 2721 251 2753 Hem
290 2721 524 2755 anrvmc
577 2716 723 2758 dicam.
808 2720 897 2759 Nec
945 2719 1023 2758 Δία
1060 2712 1184 2758 αὐτόν
1228 2717 1426 2772 (διαυτον)
1472 2721 1580 2772 quod
1626 2735 1649 2760 e

158 2785 298 2824 διακον
328 2787 534 2826 ‘librorum
581 2787 722 2835 elicui,
764 2789 1092 2841 probabilitatem
1128 2790 1313 2830 excedit.
1373 2791 1542 2829 Hiatum
1580 2791 1650 2842 qui

157 2862 220 2896 est
267 2858 310 2896 in
357 2859 498 2910 quinta
535 2857 641 2896 -sede
689 2873 831 2898 versus
877 2861 1051 2900 offerunt
1097 2862 1265 2900 Homeri
1303 2860 1490 2913 exempla
1537 2859 1649 2912 (κλέα

154 2919 357 2978 ἆνδρῶν);
398 2929 451 2966 cs.
491 2929 747 2980 Spitznerum
781 2928 833 2969 de
869 2943 991 2969 versu
1031 2931 1196 2970 heroico
1235 2946 1275 2983 p.
1309 2938 1393 2973 146:
1432 2945 1511 2971 nec
1539 2932 1648 2984 quod
