1898 3236
702 259 1044 293 conmc'rANEA.
1059 305 1072 309 p
1538 247 1621 287 209

132 377 177 410 ut
208 385 258 410 ex
287 371 398 410 illius
428 370 485 418 in·
498 367 680 407 Tiberim
702 366 968 420 praecipitati.
982 353 1145 402 fortuna
1164 362 1490 415 preficisceretur
1511 373 1620 399 eum-

134 457 212 496 que
249 443 381 483 exitus
418 453 441 480 e
469 440 556 478 vita
580 437 752 476 modum
782 442 945 489 praeter
971 441 1131 474 ceteros
1161 431 1366 484 probaret.
1425 431 1493 470 An
1518 431 1621 470 Var-

132 527 271 552 ronem
291 512 436 564 ipsum,
458 510 528 562 qui
548 508 744 562 quidem'
733 521 774 546 in
800 505 1074 559 superioribus
1095 509 1258 542 saturae
1279 502 1462 554 partibus
1481 506 1622 554 aperte

134 584 184 622 (le
217 589 346 622 semet
361 582 463 637 ipso
493 579 692 626 narravit,
724 579 765 616 in
794 578 936 616 inferis
966 582 1153 629 putamus
1183 574 1439 626 pei-texuisse
1471 572 1522 610 de
1550 585 1622 610 ne-

134 655 191 692 cis
221 651 437 704 generibus
465 647 811 702 disputationem?
870 647 1014 687 Utrum
1043 660 1182 686 eorum
1210 639 1415 698 probaris,
1458 627 1623 682 diluitur

136 724 332 762 concinne
377 722 600 774 composita
642 718 885 770 Sexagessis
925 719 1098 770 species.
1169 716 1278 768 Quid
1324 715 1430 755 enim
1469 727 1622 767 quaeso

133 794 206 843 illa
235 793 474 832 deturbatio*
493 792 544 831 de
574 796 696 844 ponte
727 789 779 828 ad
810 781 1009 840 ἐξαγωγὴν
1037 787 1284 827 stoicorum?
1330 788 1487 826 Horum
1518 786 1623 824 enim

135 864 302 903 decreta
330 864 584 902 voluntariae
604 861 743 901 mortis
764 872 918 910 genera
936 865 977 897 et
999 859 1170 898 consilia
1192 857 1419 899 attinebant
1444 855 1623 908 (eodem-

135 948 214 988 que
243 934 396 973 ducunt
424 934 653 985 fragmenta
686 927 777 981 περὶ
814 926 1018 980 ἐξαγωγῆςμ
1046 928 1212 981 citata):
1261 928 1334 967 illa
1372 941 1470 967 vero
1509 926 1623 983 necis

135 1004 299 1043 aliunde
336 997 474 1042 ἄκοντι
510 1003 651 1042 illatae
696 1000 858 1039 modum
905 1000 1054 1048 refert,
1101 1006 1145 1038 ut
1180 999 1447 1051 ineptientem
1485 999 1625 1050 utique

135 1076 360 1114 Varronem
381 1074 680 1120 nanciscamur,
712 1072 782 1123 qui
802 1084 851 1109 ex
876 1084 926 1109 ea
944 1083 1185 1122 suspensam
1207 1082 1298 1108 esse
1322 1069 1373 1109 de
1393 1070 1624 1109 voluntario

137 1147 247 1184 exitu
281 1145 498 1184 stoicorum
537 1143 851 1196 disputationem
887 1142 1074 1183 voluerit.
1147 1142 1295 1193 Itaque
1333 1154 1410 1180 nec
1448 1152 1625 1179 conexus

138 1216 387 1266 Sexagessin
429 1216 535 1254 inter
582 1222 621 1253 et
659 1207 858 1265 ἐξαγωγὴν
896 1220 1068 1266 apparet
1110 1213 1237 1260 ullus,
1285 1218 1324 1250 et
1360 1195 1625 1263 pessumdan-

138 1292 202 1324 tur
243 1299 292 1325 ea
330 1285 637 1336 conglutinandi
670 1285 827 1325 ratione
865 1299 954 1324 cum
995 1285 1077 1323 alia
1110 1283 1219 1322 belle
1257 1282 1455 1321 adornata
1484 1282 1526 1320 in
1555 1281 1627 1319 illa

140 1363 290 1404 satura,
321 1362 404 1394 tum
426 1355 596 1414 maxime
619 1344 790 1396 acumen
814 1358 900 1396 eius
921 1356 1090 1403 inventi,
1123 1368 1202 1408 quo
1224 1355 1355 1394 Varro
1379 1353 1626 1406 expromptis

141 1426 324 1468 omnibus
363 1426 414 1465 de
454 1439 650 1466 converso
688 1428 869 1468 funditus
912 1428 1036 1468 Urbis
1075 1432 1184 1465 statu
1230 1425 1406 1478 querelis
1445 1438 1489 1463 se
1525 1430 1626 1462 tam-

141 1510 263 1549 quam
291 1496 474 1535 inutilem
505 1510 641 1536 senem
672 1498 722 1537 de
748 1504 871 1551 ponte
899 1497 1161 1551 praecipitari
1190 1496 1319 1547 fingit.
1381 1495 1504 1535 Cuius
1531 1508 1625 1533 acu-

141 1566 257 1605 minis
287 1567 370 1605 vim
394 1566 596 1606 subtiliter
624 1569 897 1608 Mommsenus
932 1569 1137 1620 percepit,
1177 1568 1245 1620 qui
1275 1567 1379 1605 haec
1409 1579 1508 1605 suae
1539 1566 1626 1604 eius

123 1642 301 1689 *saturae
330 1638 615 1676 restaurationi
641 1639 832 1678 subiecit:
883 1641 955 1677 Die
986 1640 1122 1677 Slcizze
1150 1639 1288 1688 yleicht
1318 1641 1388 1676 der
1416 1638 1628 1675 catilinari—

141 1709 256 1745 soloen
287 1709 379 1754 Zeit‚
411 1710 511 1746 kurz
536 1711 635 1747 nach
667 1712 829 1748 welcher-
858 1713 912 1747 sie
941 1712 1012 1748 der
1037 1713 1114 1751 alte
1132 1711 1256 1747 Manu
1282 1710 1541 1758 qeschrieben·
1557 1710 1627 1746 ha·
1684 1731 1688 1735 -

113 1832 116 1835 ἢ
141 1781 210 1816 ben
249 1790 369 1825 muss,
411 1781 492 1817 und
525 1791 566 1816 es
595 1782 657 1828 lay
686 1784 769 1819 eine
808 1783 1008 1820 Wahrheit
1034 1785 1073 1824 in
1100 1785 1171 1820 der
1199 1783 1338 1819 bittern
1369 1781 1627 1818 Schlussmen—

142 1852 256 1898 duno,
291 1862 346 1887 mo
376 1852 447 1888 der
467 1851 639 1898 Marcus,
664 1854 823 1901 yekc'iriy
852 1855 1142 1901 ausyescholten
1172 1863 1299 1901 meyen
1328 1854 1456 1888 seiner
1481 1853 1627 1888 mezcit-

0 1935 5 1940 ·
71 1977 74 1980 Α
138 1923 337 1968 yemdssen
367 1922 565 1970 Anlelaqen
598 1925 677 1960 und
702 1925 1015 1972 antiquarischen
1044 1926 1358 1962 Reminiscenzen
1373 1951 1381 1967 ,
1422 1916 1488 1958 mit
1509 1933 1628 1968 paro-

140 1993 292 2029 discher
323 1994 574 2042 Anmenduny
606 1997 713 2032 einer
750 1997 903 2032 uralten
938 1996 1153 2031 romischen
1190 1995 1301 2045 Siue,
1338 1996 1397 2031 als
1438 1997 1629 2030 unniitzer

141 2063 252 2100 Greis
281 2064 359 2111 auf
382 2066 441 2101 die
474 2066 632 2102 Briiclce
657 2066 879 2112 yeschleppt
907 2063 988 2102 und
1016 2067 1053 2102 in
1084 2067 1144 2103 die
1177 2066 1290 2102 Tiber
1316 2068 1489 2112 yestiirzt
1519 2063 1627 2099 mird.

88 2181 90 2183 ‚
140 2135 196 2170 Es
227 2146 311 2171 mar
341 2137 550 2183 allerdinqs
581 2136 655 2182 [ἢν
688 2136 815 2172 solche
844 2119 1011 2172 Μᾶηηει·
1048 2139 1088 2173 in
1118 2138 1214 2174 Rom
1245 2137 1333 2173 lcein
1364 2126 1479 2172 Platz
1507 2134 1627 2170 mehr.

141 2203 224 2242 Sed
256 2204 508 2242 Mercklinus
534 2209 577 2242 ut
607 2204 709 2242 haec
738 2204 1008 2243 non·videtur
1034 2207 1132 2244 satis
1165 2205 1460 2251 considerasse,
1485 2204 1544 2242 ita
1576 2215 1628 2242 ne

141 2274 270 2311 somni
300 2273 464 2325 quidem
483 2274 756 2325 Epimenidei,
789 2289 889 2328 quas
918 2275 1044 2314 verbo
1066 2277 1340 2315 Mommsenus
1371 2273 1630 2325 significavit.
1672 2295 1675 2297 ·

142 2343 319 2381 rationes
351 2349 562 2383 assecutus
593 2351 678 2383 est:
719 2352 764 2383 ut
801 2346 869 2398 qui
901 2359 990 2384 cum
1021 2359 1200 2384 somnum
1230 2345 1345 2384 illum
1374 2343 1628 2397 Epimenidis

140 2413 209 2451 vel
240 2413 432 2461 similem,
461 2420 506 2452 ut
533 2414 650 2463 dicit,
679 2417 874 2455 Varronis
902 2416 1052 2469 ipsius,
1089 2424 1174 2455 tum
1205 2431 1254 2455 ea
1282 2430 1389 2469 quae
1419 2416 1629 2467 ingeniose

140 2484 414 2523 Mommsenus
462 2486 662 2525 ordinavit
710 2487 938 2538 fragmenta
973 2489 1108 2526 omnia
1145 2489 1186 2526 in
1221 2488 1428 2540 prooemio
1466 2492 1628 2525 saturae

139 2555 274 2606 posita
302 2555 430 2594 fuisse
458 2556 692 2596 arbitretur}
725 2557 841 2611 quasi
874 2573 937 2607 ea,
969 2559 1114 2612 quibus
1134 2561 1264 2599 Varro
1295 2564 1377 2598 t'am
1401 2557 1629 2610 praesentis

142 2627 334 2678 temporis
380 2627 422 2664 in
468 2629 575 2683 omni
613 2641 764 2679 genere
812 2628 1144 2682 depravationem
1183 2630 1462 2685 conqueritur,
1509 2640 1628 2679 quam

142 2696 336 2748 pristinae
375 2698 522 2736 aetatis
561 2699 814 2753 incorruptos
851 2714 983 2740 mores
1004 2707 1057 2750 *et
1092 2702 1270 2740 salubria
1299 2700 1483 2740 instituta
1511 2710 1627 2749 prae-

143 2766 272 2815 dicat,
307 2781 387 2806 non
424 2769 659 2808 sufficerent
695 2770 747 2809 ad
776 2771 1018 2822 explendam
1049 2777 1224 2811 saturam
1253 2772 1373 2809 etiam
1407 2770 1506 2807 satis
1535 2782 1625 2820 pro-

140 2838 281 2886 lixam,
313 2846 382 2878 aut
412 2841 529 2892 quasi
557 2840 635 2879 hoc
666 2841 775 2893 quod
809 2841 990 2892 significo
1020 2848 1103 2880 tam
1131 2855 1272 2894 parum
1304 2841 1492 2880 idoneum
1521 2846 1631 2889 esset

142 2909 423 2948 varronianae
454 2915 615 2949 saturae
645 2911 869 2959 consilium,
897 2918 941 2950 ut
965 2913 1086 2951 etiam
1115 2912 1196 2950 alia
1226 2918 1266 2950 et
1296 2913 1430 2951 aliena
1454 2912 1628 2956 ,circum-

211 2977 387 3018 Vanmffl,
413 2976 522 3009 Com.
540 2987 580 3010 m
598 2978 716 3010 VAmz.
737 2988 815 3011 sur.
875 2965 878 2970 Α
1309 2980 1358 3017 14
