1898 3236
715 258 1060 291 commertium.
1240 288 1243 291 ,
1560 248 1632 288 141

150 384 261 418 eam,
304 373 423 421 quam'
455 364 577 416 v'ulgo
612 365 865 418 potissimum
895 362 937 402 in
965 362 1028 401 his
1069 362 1277 414 opusculis
1307 366 1523 400 tractatam
1554 362 1639 413 opi-

148 446 316 487 uantur,
354 436 653 491 philosophiam
691 435 924 487 disceptari.
983 432 1151 472 Accedo
1183 431 1235 471 ad
1268 438 1426 484 partem
1455 432 1638 479 alteram,

150 525 229 563 qua
261 524 350 549 cum
382 509 465 548 alia
502 513 586 545 tum
617 506 826 558 epularum
852 503 1044 542 libidines
1075 509 1239 542 saturae
1262 514 1374 541 more
1406 507 1638 554 carpuntur.

149 582 294 634 Itaque
331 586 536 631 tamquam
566 577 772 633 specimen
804 576 889 614 eius
918 574 1104 613 luxuriae
1134 574 1444 612 Nomentanum·
1464 572 1640 625 aliquem

150 651 403 703 depinxerat.

262 741 367 780 XIV
397 738 452 791 (4)
483 740 655 778 cohortis
683 750 861 776 cocorum
891 743 1005 787 atque
1032 739 1287 775 hamiotarum
1319 746 1599 783 aucupumque.

261 832 344 871 XV
375 829 431 882 (5)
465 831 556 868 Cum
586 830 800 867 novissume
821 822 1003 876 putaret,
1031 828 1216 876 qua'ntum
1245 829 1389 875 sumpti
1412 826 1564 874 fe'cerit.

262 921 367 961 XVI
398 919 476 971 (24)
510 921 643 968 Ipsum
662 930 834 967 propere
863 921 930 988 υἰὸτ
953 908 1081 957 liberti
1105 917 1322 955 semidtrati
1348 917 1641 964 exsequia'ntur.

149 1015 216 1052 Fr.
249 1012 354 1051 XIV
389 1017 429 1049 et
457 1011 540 1050 XV
580 1010 765 1062 apposite
793 1009 955 1047 Horatii
983 1007 1168 1048 versibus
1204 1008 1459 1046 illustrantur
1490 1012 1566 1045 sat.
1598 1006 1643 1044 II

149 1091 184 1131 3,
216 1089 286 1123 224
310 1095 400 1135 sqq.

354 1175 466 1211 Nunc
496 1185 566 1222 aye
594 1175 794 1210 luxuriam
825 1177 863 1209 et
891 1173 1170 1210 Nomentanum
1200 1172 1333 1218 arripe
1362 1181 1529 1207 mecum:

357 1247 431 1283 Hic
458 1246 572 1281 simul
597 1246 745 1291 accepit
766 1245 981 1290 patrimoni
1005 1244 1105 1280 mille
1131 1244 1285 1288 talenta,
1303 1269 1312 1278 .

355 1317 500 1361 Edicit,
526 1316 701 1367 piscator
729 1317 804 1359 uti,
828 1317 1051 1363 pomarius,
1080 1325 1234 1361 aucep&

359 1387 643 1435 Unyuentarius
673 1399 720 1423 ac
749 1388 848 1423 tusci
873 1375 986 1423 turba
1012 1387 1131 1433 impia
1159 1387 1243 1430 vici,

356 1459 447 1495 Cum
472 1459 621 1495 scurris
646 1457 790 1505 fartor,
819 1469 904 1494 cum
943 1458 1103 1495 Velabro
1129 1466 1237 1494 omne
1267 1456 1465 1492 macellum

354 1529 471 1566 Mane
501 1529 651 1565 domum
679 1530 842 1565 veniant.

156 1630 246 1669 Nec
275 1629 485 1676 absimilis,
514 1641 757 1680 quamquam
787 1629 867 1667 alio
896 1628 1064 1667 consilio
1090 1628 1238 1674 factus,
1266 1625 1646 1678 cuppedinariorum

154 1714 373 1749 recensus,
405 1712 526 1752 quem
553 1699 739 1737 Terentii
765 1698 965 1750 parasitus
995 1698 1158 1738 Gnatho
1188 1697 1272 1735 edit
1300 1698 1340 1735 in
1371 1696 1570 1735 Eunucho
1605 1711 1645 1735 v.
1666 1680 1674 1686 ”

154 1777 223 1813 256
254 1770 314 1822 (ΙΙ
341 1777 376 1819 2,
407 1769 470 1821 25)
499 1782 560 1821 sq.

358 1862 602 1900 Concurrunt
631 1861 723 1897 laeti
750 1862 804 1897 mi
829 1861 975 1898 o'bviam
1004 1860 1277 1908 cuppedinarii
1301 1860 1451 1897 amnes:

358 1930 519 1978 cetarii,
547 1931 659 1977 lanii,
687 1934 815 1980 coqui,
843 1931 1038 1979 fartores,
1066 1932 1293 1979 piscato'res.

155 2035 222 2073 Fr.
254 2035 336 2074 XV
368 2047 460 2104 cmg
486 2033 528 2071 in
555 2031 670 2070 libris
699 2046 739 2083 p.
771 2038 854 2080 485,
886 2039 908 2072 2
938 2034 990 2070 sit
1023 2038 1200 2077 mutaret,
1234 2030 1436 2071 Oehlerus
1466 2034 1644 2084 reposito

154 2111 394 2154 computaret
416 2104 643 2144 sententiae
667 2102 772 2142 bene
796 2103 1012 2151 consuluit,
1036 2108 1206 2140 metrum
1222 2103 1523 2154 pessumdedit:
1546 2105 1645 2142 Mei-

155 2176 320 2223 nekius,
362 2186 589 2226 agnoscens
627 2174 921 2225 septenarium,
958 2173 1135 2211 restituit
1175 2172 1216 2210 id
1253 2173 1359 2225 quod
1398 2179 1480 2211 tam
1511 2174 1648 2211 sensui
1673 2222 1683 2226 a

157 2245 365 2297 scriptoris
397 2232 518 2296 quam
546 2245 723 2283 numeris
755 2243 1009 2282 conveniret:
1036 2248 1197 2291 putaret
1228 2242 1371 2282 eadem
1401 2244 1442 2281 vi
1473 2257 1552 2296 qua
1577 2244 1647 2282 ille

155 2321 406 2364 computaret.
467 2315 536 2354 Sic
561 2315 737 2354 Plautus,
759 2315 801 2353 in
826 2314 1059 2352 Trinummo
1088 2319 1157 2354 416
1188 2311 1254 2363 (ΙΙ
1282 2319 1316 2362 4,
1352 2314 1410 2366 14)
1443 2328 1505 2367 sq.

361 2407 455 2444 Sero
485 2406 598 2454 citque
625 2409 749 2453 stulte,
774 2405 892 2454 prius
921 2406 1024 2454 quod
1050 2409 1204 2442 cautum
1237 2406 1415 2452 opo'rtuit,

360 2477 568 2526 Postquam
598 2479 757 2515 comedit
786 2477 880 2523 re'm,
910 2481 997 2525 post
1026 2477 1213 2515 ratione'm
1233 2483 1360 2525 putat.

160 2566 225 2604 Cf.
254 2566 383 2605 Varro
416 2566 466 2604 de
495 2567 582 2615 1.,1.
613 2567 674 2607 VI
700 2573 746 2609 63
775 2569 832 2607 Μ.
882 2567 1066 2618 Scaliger
1094 2568 1135 2605 in
1167 2568 1441 2620 coniectaneis
1464 2582 1503 2619 p.
1530 2574 1589 2609 86.

273 2637 340 2675 Fr.
363 2637 481 2684 XVI,
512 2643 555 2675 ut
576 2639 771 2689 suspicor,
802 2639 996 2689 ganeonis
1016 2638 1147 2685 istius,
1180 2638 1292 2676 cuius
1313 2639 1439 2677 vitam
1460 2644 1553 2676 ante
1579 2637 1648 2676 de·

159 2708 321 2759 scripsit
342 2707 485 2754 Varro,
519 2709 640 2746 etiam
673 2699 804 2747 exitus
835 2709 1096 2759 significatur.
1143 2709 1276 2757 Ipsum
1309 2708 1511 2747 dominum
1537 2708 1648 2757 dicit,

160 2791 279 2830 quem
301 2776 435 2815 liberti
462 2778 645 2825 efferant,
671 2779 758 2817 sive
780 2778 1054 2830 praecedebat
1075 2793 1233 2828 nomen,
1259 2781 1343 2818 sive
1363 2792 1450 2817 eum
1469 2779 1650 2830 emphasi

161 2849 313 2893 dictum
350 2854 413 2888 est
450 2848 688 2900 simpliciter
724 2852 871 2897 ipsum:
908 2856 954 2888 ut
983 2848 1089 2901 apud
1118 2849 1306 2887 Plautum
1337 2851 1378 2888 in
1410 2850 1560 2889 Casina
1589 2851 1649 2889 IV

159 2925 195 2966 2,
229 2927 290 2960 10:
331 2921 432 2966 Quid
461 2925 500 2957 tu
529 2922 591 2957 hic
621 2923 729 2968 aqis?
765 2922 846 2969 Eyo
876 2932 931 2966 eo,
960 2933 1034 2968 quo
1064 2933 1121 2959 me
1149 2925 1235 2970 ipsa
1265 2925 1376 2960 misit.
1432 2921 1495 2960 Cf.
1522 2921 1648 2960 Hein-
