1898 3236
0 0 442 7 ᾑ--ν--ν-ψὴ--η--ή--ν
451 0 453 2 -

213 271 268 310 56
783 279 1123 321 CONIEOTANEA.

215 382 360 437 quibus
408 383 718 423 commodiorem
760 389 800 422 et
843 385 1055 427 certiorem
1090 390 1302 436 quaestum
1341 385 1477 425 facere
1515 389 1691 439 possitis.

212 455 284 495 Sic
311 455 418 493 enim
447 454 534 492 fere
562 453 741 505 suppleri
777 454 826 492 fr.
854 454 898 492 II
928 455 1167 493 sententiam
1197 456 1391 507 suspicor.
1437 458 1599 497 Deinde
1623 459 1691 500 de-

213 525 487 572 lectationem,
519 523 569 562 de
601 537 680 575 qua
707 523 803 575 quid
826 524 1056 575 protulerit,
1091 526 1181 577 ipsa
1210 525 1428 578 loquuntur
1456 528 1613 579 integra
1642 531 1691 568 fr.

213 595 281 634 III
304 594 442 633 verba.
484 593 688 633 Admonet
713 600 846 633 autem
866 595 995 633 Varro
1014 594 1266 645 haud-dubie
1286 598 1558 647 venationum,
1588 613 1692 651 quae

214 663 309 703 inde
345 663 395 702 ab
436 677 539 702 anno
569 664 622 703 U.
652 670 720 706 566
757 665 861 707 inter
890 664 1008 704 ludos
1039 666 1242 704 circenses
1273 666 1446 717 relatae,
1483 668 1693 720 paullatim

214 733 442 772 incredibili
469 747 600 785 paene
631 733 762 773 studio
794 735 1110 787 excipiebantur,
1138 741 1181 774 ut
1209 749 1290 774 non
1320 737 1407 775 sine
1436 737 1565 790 ironia
1595 748 1692 790 qua-

216 804 307 842 dam
341 804 441 842 illud
473 804 551 842 dici
579 804 786 852 videatur,
814 805 938 844 licere
968 806 1090 845 hodie
1121 806 1303 845 omnibus
1333 789 1591 846 venationum
1623 809 1690 858 de-

212 873 316 912 liciis
356 873 397 911 in
426 887 581 912 summa
610 875 901 927 tranquillitate
929 877 1008 915 frui
1037 878 1078 916 in
1107 878 1226 916 circo.
1285 861 1350 916 De
1376 877 1439 916 his
1469 879 1691 917 venationi-

214 943 288 982 bus
317 943 411 982 vide
442 944 779 996 Friedliinderum
807 946 849 983 in
873 936 1048 986 Beckeri
1080 947 1384 999 antiquitatibus
1413 948 1606 987 Romanis
1630 950 1692 988 IV

158 1007 165 1016 ’
214 1027 254 1066 Ρ.
282 1020 363 1055 522.
404 1014 450 1054 O.
477 1015 544 1052 Fr.
576 1014 852 1053 Hermannum
884 1015 1250 1067 (Gutturyeschichte
1278 1020 1314 1054 d.
1347 1019 1412 1055 Gr.
1444 1031 1481 1055 u.
1513 1019 1621 1056 Rom.
1649 1019 1694 1057 II

214 1098 251 1136 p.
285 1083 382 1135 116).
424 1085 475 1122 In
505 1084 672 1135 singulis
700 1084 901 1137 quaedam
930 1086 1047 1125 aliter
1078 1088 1266 1125 constitui
1294 1093 1415 1139 atque
1445 1088 1495 1126 ab
1518 1087 1692 1128 Oehlero

215 1143 398 1192 eduntur.
458 1155 525 1192 Fr.
564 1155 585 1193 I
623 1158 820 1204 ecquando
856 1157 998 1208 scripsi
1033 1171 1121 1196 cum
1157 1158 1324 1197 Rothio:
1374 1157 1467 1197 libri
1497 1157 1624 1209 (Non.
1651 1173 1691 1211 p.

213 1231 294 1272 205,
319 1224 378 1276 15)
411 1227 506 1263 haec
537 1228 700 1273 quando,
740 1226 808 1263 Fr.
830 1226 875 1263 ΙΙ
898 1238 1038 1264 causas
1069 1232 1235 1267 tructuis
1266 1228 1427 1268 codices
1456 1245 1496 1282 p.
1526 1236 1607 1278 492,
1630 1237 1692 1271 13:

215 1295 322 1346 quod
355 1301 399 1333 ut
436 1308 556 1346 supra
595 1296 738 1347 scripsi
767 1295 874 1333 idem
898 1297 1071 1336 Rothius
1104 1300 1297 1338 correxit:
1323 1299 1453 1339 A‘haud
1482 1300 1603 1338 male'
1635 1299 1693 1337 iu-

214 1364 325 1406 dicat
356 1364 577 1413 Oehlerus,
615 1367 680 1404 cui
715 1367 794 1419 ipsi
833 1365 1069 1419 ‘simplicius
1099 1369 1314 1423 videbatur
1345 1369 1521 1408 scribere
1549 1376 1695 1408 causa?

209 1435 382 1484 fruc-tuis
411 1442 451 1473 ut
482 1449 528 1481 v.,
555 1442 599 1474 ut
617 1436 712 1474 insit
731 1436 975 1485 affirmatio?
1005 1440 1091 1478 fere
1116 1447 1160 1478 ut
1181 1442 1404 1488 Mercerus,
1435 1440 1503 1491 qui
1524 1440 1696 1488 fructuis

213 1505 300 1543 sine
336 1508 371 1543 si
405 1506 564 1553 scribit,
606 1506 753 1545 lacuna
789 1513 882 1559 post
921 1521 1040 1547 eausa
1073 1510 1264 1550 indicata.
1330 1510 1388 1550 At
1421 1509 1595 1548 Merceri
1631 1522 1692 1547 ra-

213 1575 267 1613 tio
321 1587 409 1612 cum
459 1588 539 1614 non
587 1577 709 1616 v'alde
762 1580 1084 1629 commendetur,
1142 1580 1319 1620 Oehlero
1370 1579 1545 1619 debebat
1591 1580 1693 1632 ipse,

216 1657 335 1697 quem
375 1645 494 1694 fecit,
532 1646 630 1685 ordo
666 1647 983 1699 fragmentorum
1014 1652 1249 1700 ostendere,
1287 1652 1349 1690 his
1381 1664 1484 1703 quae
1516 1656 1608 1689 sunt
1635 1653 1696 1689 sin

213 1721 338 1754 autem
376 1719 633 1755 delectationis
662 1730 781 1757 causa
814 1726 1003 1761 venamini
1030 1723 1261 1763 necessario
1291 1722 1565 1774 praecessisse
1595 1721 1693 1760 alte-

213 1799 299 1824 rum
322 1785 548 1844 *exordiens
579 1787 629 1826 ab
658 1788 922 1841 hypothetica
950 1794 1151 1846 particula
1180 1792 1413 1832 membrum.
1473 1793 1538 1831 De
1570 1805 1693 1842 gene-

214 1857 285 1894 tivi
315 1857 443 1895 forma
469 1858 651 1906 fructui&
680 1870 800 1911 quam
823 1867 1054 1902 constanter
1073 1865 1113 1902 in
1136 1864 1214 1902 hoc
1233 1877 1383 1916 genere
1407 1861 1694 1900 vocabulorum

214 1932 395 1965 secutum
423 1940 513 1965 esse
538 1928 761 1968 Varronem
792 1937 831 1969 et
859 1932 1067 1983 Nigidium
1097 1935 1285 1985 Figulum
1309 1933 1465 1973 Gellius
1490 1931 1612 1970 tradit
1634 1932 1694 1970 IV

214 2004 268 2045 16,
304 2006 342 2045 l,
376 1998 577 2051 Oehlerus
606 2006 728 2038 unum
754 2007 967 2053 praeterea
993 2003 1043 2042 de
1070 2003 1132 2043 his
1153 2005 1333 2057 reliquiis
1356 2003 1582 2055 exemplum
1607 2003 1694 2041 lau-

212 2069 335 2117 davit,
358 2072 504 2108 domnis
523 2075 637 2118 ΤΑφηι
659 2076 848 2110 ΜΕΝιπηογ
869 2074 917 2112 fr.
939 2080 980 2115 6:
1004 2075 1045 2113 in
1071 2075 1213 2114 eadem
1236 2080 1372 2113 satura
1392 2074 1441 2112 fr.
1458 2079 1504 2114 24
1522 2072 1695 2112 habetur

208 2142 399 2189 fruc-tuis:
430 2142 592 2180 tertium
619 2131 795 2191 restituit
823 2145 1107 2184 Lachmannus
1131 2145 1402 2195 -adLucretii
1431 2144 1476 2182 ΙΙ
1507 2149 1598 2185 1148
1625 2143 1694 2183 ubi

213 2216 412 2248 Pnonmnm
440 2216 606 2250 Lmennt
636 2214 685 2252 fr.
718 2220 734 2254 1
766 2227 908 2254 versus
940 2227 1030 2253 esse
1060 2203 1222 2253 edocet:

920 2310 987 2365 e9o
1016 2311 1158 2365 inselioe
1186 2317 1260 2354 ndn
1289 2328 1425 2364 queam

423 2386 503 2422 Vim
528 2386 763 2434 propulsare
794 2393 907 2435 atque
936 2387 1127 2424 inimicum
1158 2389 1255 2425 Orco
1283 2386 1484 2424 inmittere.

414 2455 655 2503 Nequiquam
687 2468 801 2504 saepe
832 2456 990 2494 aerdtas
1022 2459 1172 2495 mannis
1199 2458 1397 2505 compedes

417 2526 539 2563 Cono'r
568 2528 763 2564 revellere.

214 2637 309 2675 Alia
341 2651 390 2675 ex
422 2638 513 2676 aliis
548 2639 707 2690 scriptis
732 2639 928 2678 Varronis
957 2639 1161 2691 permulta
1180 2640 1342 2678 ‚Nonius
1374 2639 1510 2678 affert:
1546 2642 1691 2685 viduis,

211 2711 398 2754 senatuis,
432 2712 611 2757 graduis,
654 2712 784 2755 anuis,
816 2711 944 2755 rituis,
973 2714 1180 2758 quaestuis.
1240 2711 1289 2748 In
1315 2711 1508 2748 Varronis
1537 2710 1587 2748 de
1611 2710 1690 2748 lin-

212 2794 292 2830 gua
327 2780 452 2818 latina
492 2774 730 2832 plerumque
771 2779 1042 2819 oblitteratam
1087 2792 1174 2818 eam
1212 2781 1380 2825 formam
1418 2779 1587 2819 subinde
1625 2793 1689 2818 co-

214 2849 345 2887 dicum
385 2850 622 2902 corruptelis
657 2849 784 2902 prodi'
811 2849 861 2891 O.
902 2850 1097 2889 Miillerus
1136 2856 1272 2888 monet
1303 2851 1343 2888 in
1368 2852 1621 2903 praefatione
1650 2866 1690 2903 p.

213 2932 352 2957 xxxw.
416 2920 478 2959 Cf.
524 2920 580 2958 M.
615 2920 804 2958 Hertzius
847 2920 897 2959 de
933 2921 1097 2972 Nigidio
1141 2921 1286 2971 Figulo
1323 2935 1365 2972 p.
1393 2926 1459 2972 14.
1518 2923 1586 2960 Fr.
1623 2922 1690 2960 III
