1898 3236
967 835 1048 889 VI

379 979 479 1018 Cum
512 985 738 1024 Sssomuuxs
770 986 814 1019 ut
845 986 1106 1033 componatur

877 1081 1123 1115 BIMAROUS

264 1172 332 1210 vel
371 1172 644 1225 inscriptionis
674 1173 860 1223 cognatio
893 1173 1051 1214 suadet.
1109 1172 1266 1224 Quibus
1295 1172 1431 1224 lepide
1464 1173 1647 1212 formatis
1676 1187 1749 1211 no-

265 1242 436 1280 minibus
466 1242 662 1292 adiungas
691 1257 772 1282 non
807 1243 970 1296 quidem
995 1248 1211 1281 Tpmnuos
1242 1242 1458 1290 Varronis,
1482 1235 1541 1281 'de
1567 1255 1644 1295 quo
1669 1255 1752 1281 non

265 1318 375 1352 recte
406 1312 599 1351 iudicavit
629 1312 800 1351 Rothius
832 1313 882 1352 de
913 1314 999 1353 vita
1018 1313 1212 1353 Varronis
1242 1326 1282 1365 p.
1310 1320 1366 1361 18,
1389 1312 1463 1352 sed
1483 1312 1748 1350 Trimalchio-

265 1397 356 1422 nem
386 1383 578 1422 Petronii.
641 1383 763 1422 Cuius
796 1383 1055 1423 similitudine
1088 1383 1230 1421 ductus
1261 1384 1390 1435 possit
1417 1381 1562 1434 aliquis
1595 1384 1749 1420 Bimar-

256 1467 351 1507 ‚qum
379 1454 420 1494 h.
450 1468 486 1493 e.
515 1453 717 1507 duplicem
744 1454 975 1493 helluonem
999 1454 1067 1493 vel
1088 1466 1316 1504 ganeonem
1335 1452 1630 1492 commendare.
1673 1451 1750 1491 Oui
1791 1463 1794 1465 ·

263 1524 537 1576 inscriptioni,
569 1538 674 1577 quae
700 1516 794 1563 olim
819 1523 1122 1575 Laurenbergio
1155 1523 1197 1562 in
1230 1523 1470 1575 Antiquario
1501 1529 1542 1562 et
1569 1524 1749 1575 Popmae

264 1593 467 1644 placebat,
501 1608 591 1633 cum
614 1595 768 1647 aliquot
789 1595 981 1649 reliquias
1007 1593 1312 1634 accommodare
1331 1593 1455 1632 liceat
1474 1594 1564 1639 (frr.
1586 1601 1620 1636 3.
1639 1599 1675 1634 4.
1692 1593 1746 1646 5),

263 1664 355 1702 libri
386 1670 522 1703 tamen
550 1679 629 1703 non
660 1667 952 1714 assentiuntur,
986 1666 1054 1718 qui
1084 1665 1212 1705 semel
1242 1670 1394 1703 tantum
1423 1665 1528 1703 Non.
1554 1679 1595 1717 p.
1618 1670 1674 1713 17,
1704 1670 1746 1707 17

274 1736 451 1784 Vimaryo
490 1735 673 1784 tradunt,
722 1737 867 1775 ceteris
897 1736 997 1775 locis
1025 1735 1206 1774 omnibus
1250 1737 1426 1773 Vimarco
1455 1734 1522 1774 vel
1553 1737 1751 1782 Bimarco,

263 1805 464 1843 tralaticia
494 1819 514 1843 v
543 1812 583 1844 et
612 1808 632 1844 b
662 1806 886 1845 litterarum
916 1800 1249 1854 commutatione,
1281 1818 1523 1858 quamquam
1551 1818 1746 1844 memora-

263 1874 334 1912 bili
370 1875 596 1913 constantia
632 1876 788 1915 vicenis
815 1857 919 1914 binis
945 1876 1183 1915 testimoniis
1226 1878 1422 1923 Vimarco,
1455 1877 1563 1916 senis
1591 1882 1746 1916 tantum

264 1947 445 1983 Bimarco
475 1945 696 1984 exhibetur.
745 1946 980 2001 Duplicem*
997 1952 1132 1985 autem
1154 1947 1336 1987 Marcum
1362 1960 1450 1987 cum
1481 1946 1747 1994 obtineamus,

265 2010 470 2067 quaeritur
508 2029 586 2068 quo
628 2016 757 2055 Marci
789 2030 935 2056 nomen
972 1999 1190 2058 referatur:
1243 2018 1309 2056 De
1346 2030 1426 2069 qua
1463 2031 1505 2055 re
1545 2016 1745 2056 Oehlerus

262 2086 319 2124 ita
350 2085 574 2135 sentiebat,
617 2087 822 2126 Romanos
862 2102 886 2126 a
914 2088 1034 2139 longe
1063 2088 1389 2141 frequentissimo
1416 2086 1545 2126 Marci
1573 2099 1745 2139 praeno-

262 2157 367 2195 mine
397 2170 473 2209 per
486 2157 625 2196 'iocum
647 2158 808 2214 Mai-cos
830 2158 1040 2211 appellari,
1067 2164 1111 2197 ut
1134 2157 1344 2198 Bimarcus
1365 2164 1580 2198 vocaretur
1599 2159 1648 2206 is,
1679 2156 1747 2209 qui

264 2234 304 2266 et
323 2229 483 2266 nomine
506 2234 546 2266 et
565 2227 698 2280 patria
720 2234 829 2267 esset
848 2229 1012 2268 Marcus
1030 2229 1070 2268 h.
1096 2243 1130 2268 e.
1149 2229 1368 2277 Romanus,
1395 2228 1645 2281 eandemque
1666 2227 1748 2266 vim

261 2299 432 2338 nominis
469 2299 513 2337 in
549 2302 759 2335 Mnxonom
797 2304 839 2336 et
875 2303 1078 2336 Msncwons
1109 2310 1326 2353 apparere,
1365 2299 1550 2338 nimirum
1580 2290 1745 2348 Μαρκό-

262 2371 376 2407 πολιν
408 2370 556 2408 festive
583 2369 714 2420 ipsam
744 2369 1033 2422 rempublicam
1065 2370 1289 2409 Romanam
1325 2369 1485 2417 vocari,
1521 2382 1569 2407 ac
1598 2367 1745 2407 Marci·

260 2453 413 2491 porem,
440 2439 550 2491 'quod
581 2439 650 2477 ille
681 2452 761 2476 non
789 2438 889 2477 dixit
919 2445 1072 2492 aperte,
1104 2441 1246 2480 eadem
1274 2441 1315 2479 vi
1336 2454 1498 2479 servum
1523 2439 1747 2486 Romanum

262 2509 454 2561 accipias.
513 2509 570 2547 At
608 2522 704 2547 vero
736 2508 840 2546 haec
872 2510 1061 2561 suspitio,
1092 2525 1197 2563 quae
1226 2525 1355 2564 nuper
1383 2517 1595 2564 patronum
1626 2513 1746 2546 nacta

262 2585 324 2617 est
349 2578 631 2626 Mercklinum,
662 2578 768 2628 mihi
788 2578 1006 2617 abhorrere
1033 2579 1083 2618 ab
1113 2581 1275 2632 ingenio
1304 2582 1499 2630 Varronis
1529 2586 1568 2618 et
1597 2580 1744 2618 Roma-

260 2663 403 2687 norum
430 2649 600 2688 videtur.
660 2650 787 2688 Immo
819 2662 891 2687 nos
923 2663 1012 2687 cum
1041 2650 1259 2690 viderimus
1289 2653 1330 2691 in
1361 2653 1569 2704 plerisque
1599 2650 1744 2688 saturis

261 2721 444 2759 Marcum
463 2721 688 2760 Varronem
717 2720 848 2772 ipsum
877 2725 1014 2771 partes
1044 2721 1256 2773 primarias
1287 2723 1539 2769 sustinuisse,
1559 2734 1643 2768 ,non
1673 2718 1743 2757 du-

260 2790 433 2828 bitamus
459 2791 618 2829 illarum
644 2790 950 2842 inscriptionum
980 2793 1159 2832 rationes
1189 2793 1239 2831 ab
1271 2794 1395 2846 ipsius
1427 2791 1601 2830 auctoris
1623 2802 1742 2841 prae.-

260 2861 420 2900 nomine
452 2867 658 2914 repetere:
688 2866 733 2898 ut
762 2855 1029 2910 Μαρκόπολιν
1054 2862 1184 2902 Varro
1217 2875 1239 2900 e
1270 2875 1391 2901 sensu
1418 2867 1458 2900 et
1487 2856 1743 2899 arbitriosuo

262 2931 474 2970 conditam*
501 2932 707 2971 civitatem
735 2929 935 2984 appellet,
976 2945 1052 2970 nec
1081 2932 1211 2984 potuit
1240 2931 1412 2983 lepidius
1440 2943 1587 2969 nomen
1616 2930 1651 2967 ei
1680 2943 1741 2968 sa-
1790 2961 1794 2963 μ
