1898 3236
267 232 345 273 138
835 235 1061 266 CONIECTA
1069 235 1175 266 NEA.

261 346 426 400 quidem
456 344 615 383 videtur
650 341 1006 394 reprehensionem
1037 340 1264 392 defugisse,
1295 342 1529 381 vindicavit.
1587 344 1648 382 Eo
1679 355 1743 382 me

263 417 415 457 ducunt
441 416 545 453 haee
577 413 822 463 fragmenta:

374 506 439 544 XI
471 503 548 556 (15)
584 506 640 542 Ne
667 515 724 541 me
748 505 914 552 pedatus
945 513 1121 540 versuum
1153 504 1287 539 tardor
1316 509 1499 550 neprenec
1528 509 1628 541 tarte
1657 516 1742 541 cum

254 571 451 628 prllymon
480 581 626 614 certum
639 629 642 632 ψ

370 667 458 707 XII
497 665 575 717 (ιο)
626 665 734 710 Quod
770 670 897 701 ulrum
935 665 983 700 sit
1015 675 1193 711 maynum
1232 676 1282 701 an
1310 671 1497 712 parvum,
1535 665 1654 720 faeile
1692 677 1742 701 an

256 742 417 790 difficul.

259 842 439 893 Quorum
462 840 572 892 prius
601 837 780 888 graviter
810 840 1039 886 corruptum
1075 835 1133 873 ita
1162 834 1333 874 traditur
1361 835 1469 888 apud
1499 835 1675 887 Nonium
1699 850 1738 888 p.

256 919 337 960 229,
368 918 435 959 23,
470 916 514 948 ut
550 922 669 960 supra
701 906 864 958 scripsi:
904 906 945 944 in
975 905 1117 958 quibus
1146 918 1268 943 unum
1296 905 1560 956 probabiliter
1585 889 1741 958 Popma

258 982 452 1022 correxit:
500 980 673 1028 refrenet
709 982 815 1017 arte‚·
868 978 1025 1029 reliqua
1061 976 1193 1015 adhuc
1231 989 1388 1013 manum
1427 975 1741 1015 emendatricem

259 1057 498 1105 expectant,
526 1047 687 1101 quando
720 1061 795 1086 nec
821 1049 928 1087 illius
956 1061 1032 1087 nec
1062 1047 1230 1087 Oehleri
1261 1052 1428 1085 conatus
1458 1058 1599 1083 verum
1629 1059 1738 1085 asse-

258 1124 326 1176 qui
356 1122 561 1161 videntur:
598 1120 667 1171 qui
693 1125 830 1157 tamen
853 1117 1022 1170 ῥυθμῶν
1047 1123 1157 1156 recte
1177 1119 1300 1166 eruit,
1334 1131 1504 1170 quocum
1523 1130 1597 1167 ego
1618 1117 1739 1168 iungo

256 1201 402 1233 certum
439 1193 477 1231 h.
509 1205 545 1230 e.
577 1196 786 1234 certorum,
827 1195 870 1226 ut
908 1190 987 1228 iam
1023 1189 1125 1227 haec
1158 1188 1365 1227 commode
1395 1187 1638 1240 procedant:
1679 1200 1739 1226 re-

253 1266 385 1313 frenet
414 1267 498 1299 arte
527 1263 730 1310 rhythmon
755 1266 912 1298 certum.
975 1260 1168 1299 Genetivi
1202 1259 1369 1297 formam
1397 1264 1541 1297 cereum
1568 1272 1650 1297 non
1678 1265 1740 1298 est

259 1333 366 1386 quod
386 1333 521 1371 multis
542 1330 763 1383 approbem
784 1328 893 1381 apud
909 1330 1152 1368 Varronem:
1175 1331 1234 1369 sic
1253 1330 1361 1368 idem
1379 1331 1420 1368 in
1436 1334 1668 1368 Ennrmmnus
1690 1330 1738 1369 fr.

257 1414 302 1447 40
323 1407 483 1444 Gallum
510 1416 581 1455 pro
615 1404 821 1446 Gallorum,
857 1407 897 1439 et
927 1403 1085 1449 cadum,
1120 1406 1163 1438 ut
1191 1401 1393 1448 Lucilius,
1425 1401 1533 1452 apud
1563 1401 1738 1440 Nonium

256 1491 294 1529 p.
326 1482 406 1523 544,
443 1483 497 1515 15.
549 1474 613 1512 Cf.
645 1473 830 1523 Scaliger
860 1471 901 1509 in
932 1472 1210 1510 coniectaneis
1240 1485 1280 1523 p.
1307 1476 1388 1512 230.
1435 1473 1618 1520 Rhytkmi
1643 1476 1741 1510 certi

258 1554 392 1587 autem
429 1547 497 1599 qui
533 1550 750 1591 vocentur,
789 1541 857 1580 vel
883 1543 1044 1581 Horatii
1071 1542 1255 1582 versibus
1291 1542 1492 1580 illustrare
1527 1541 1624 1580 licet
1659 1547 1735 1583 sat.

256 1620 276 1657 I
303 1625 345 1666 4,
382 1623 425 1659 47
465 1620 541 1655 nisi
575 1617 676 1663 quod
700 1616 800 1662 pede
837 1619 941 1651 certo
974 1615 1119 1663 Differ!
1140 1615 1325 1659 sermoni,
1365 1624 1488 1650 sermo
1514 1625 1660 1654 πιών-ας,-
1698 1620 1737 1652 et

257 1689 352 1728 ibid.
383 1695 428 1729 58
465 1694 637 1734 tempora
659 1690 778 1737 „certa
810 1687 1023 1732 modosque.
1086 1684 1150 1722 Of.
1177 1683 1406 1722 Heindorfii
1438 1683 1529 1722 adn.
1590 1684 1734 1736 Itaque

254 1758 439 1797 Tibullus
469 1758 512 1796 II
543 1764 576 1804 1,
607 1763 671 1796 51:
703 1758 871 1793 cantavit
899 1759 1002 1792 certo
1032 1758 1177 1792 rustica
1212 1756 1325 1792 verba
1347 1757 1458 1802 pede.
1510 1754 1597 1792 Iam
1627 1754 1736 1806 quod

254 1831 312 1868 ita
338 1812 524 1867 scribitur
549 1841 634 1865 cum
652 1816 932 1875 pritymonsin
959 1837 1005 1862 eo
1031 1824 1160 1862 latere
1191 1826 1371 1876 suspicor
1402 1828 1576 1873 compari
1603 1828 1736 1875 rhyth-

254 1914 359 1946 mon,
399 1899 505 1937 unde
541 1899 644 1936 haec
679 1910 784 1936 nunc
815 1895 936 1933 totius
966 1894 1046 1932 loci
1077 1895 1338 1933 conformatio
1369 1895 1564 1946 prodeat:
1604 1908 1651 1934 ne
1677 1909 1734 1935 me
1768 1922 1773 1926 «

248 1974 415 2020 pedatus
445 1981 621 2007 versuum
658 1970 792 2006 tardor
822 1966 995 2014 refrenet
1024 1971 1108 2002 arte
1135 1968 1310 2013 compari
1336 1967 1538 2014 rhythmon
1566 1973 1734 2005 certum:

254 2043 330 2081 hoc
362 2047 437 2089 est,
468 2052 514 2078 ne
538 2042 683 2088 pedala
713 2049 891 2077 versuum,
918 2037 1097 2073 tarditate
1127 2038 1296 2072 retinear
1323 2039 1626 2084 aequabilitatem
1650 2033 1732 2076 c‘er-

252 2120 376 2152 torum
411 2122 657 2150 numerorum
692 2114 865 2146 secutus:
913 2120 1033 2159 quam
1062 2106 1302 2144 sententiam
1331 2105 1429 2144 licet
1458 2107 1524 2145 vel
1554 2107 1610 2146 ita
1640 2121 1730 2160 sup-

252 2185 383 2236 plere:
414 2185 519 2222 varie
539 2187 574 2219 el
594 2182 763 2219 versibus
783 2184 819 2217 et
840 2189 1012 2217 sermone
1033 2180 1191 2215 miscere
1212 2180 1419 2215 orationem
1441 2180 1578 2226 placet.
1614 2178 1731 2229 Quae

253 2253 414 2307 quidem
454 2251 654 2290 sententia
687 2250 784 2288 mihi
819 2249 947 2299 magis
978 2248 1193 2286 convenire
1223 2249 1396 2287 Varroni
1425 2247 1585 2286 videtur
1611 2263 1731 2301 quam

253 2323 360 2376 quod
391 2320 643 2361 emendando
675 2319 875 2358 oehlerus
905 2319 1051 2357 effecit.
1094 2317 1161 2356 Sic
1189 2318 1294 2356 enim
1319 2318 1391 2356 ille
1418 2332 1531 2356 suam
1561 2319 1728 2370 scriptu-

251 2407 356 2432 ram:
394 2403 463 2429 nec
504 2402 560 2427 me
597 2403 637 2437 p.
675 2403 707 2426 v.
745 2392 880 2428 tardor
920 2390 1113 2437 refrenet.-
1151 2390 1261 2425 tarde
1300 2390 1397 2425 enim
1420 2391 1527 2438 perit
1560 2387 1730 2440 ῥυθμῶν

249 2470 408 2510 sertum,
436 2462 632 2499 illustrat:
668 2460 783 2498 ‘dicit
807 2473 917 2506 sese,
943 2459 1152 2510 quominus
1177 2459 1354 2497 carmina
1373 2464 1537 2510 pangat,
1569 2454 1729 2499 minime

250 2535 335 2587 pati
363 2531 568 2585 prohiberi
597 2531 758 2580 ingenio
789 2543 874 2577 suo,
910 2529 1047 2580 paullo
1078 2528 1254 2566 tardiore
1285 2515 1530 2568 inversibus
1552 2532 1728 2570 numeris

251 2605 331 2642 suis
362 2599 680 2650 adstringendis:
711 2613 898 2638 versuum
931 2600 1036 2638 enim
1066 2604 1175 2637 serta
1201 2612 1281 2636 non
1310 2612 1439 2651 aeque
1461 2605 1616 2638 mature
1638 2611 1727 2653 per-

250 2675 307 2712 ire
337 2686 456 2726 quam
487 2671 657 2709 florum?
714 2670 901 2708 Hancine
928 2683 1118 2709 versuum
1149 2668 1420 2730 cudendorum
1450 2670 1726 2710 difficultatem

249 2746 495 2790 Varronem,
535 2741 723 2793 quoniam
752 2740 802 2779 de
833 2754 877 2779 se
906 2741 995 2792 ipse
1019 2741 1216 2792 loquitur,
1247 2746 1315 2779 aut
1345 2751 1442 2779 vere
1477 2740 1625 2779 dixisse
1657 2746 1726 2779 aut
1753 2734 1764 2737 ⁸

250 2811 490 2851 simulasse?
548 2811 598 2849 In
642 2824 732 2850 meo
770 2824 867 2849 vero
918 2820 1063 2849 conatu
1101 2810 1271 2862 primum
1317 2810 1467 2862 duplex
1504 2810 1724 2861 hypallage

251 2882 542 2921 adiectivorum
577 2895 657 2919 non
692 2880 891 2927 offendet,
924 2894 1014 2919 cum
1045 2891 1085 2919 et
1114 2894 1255 2919 versus
1284 2881 1418 2932 potius
1443 2893 1562 2932 quam
1589 2879 1726 2918 tardor
