<?xml version="1.0" encoding="UTF-8"?>
<!DOCTYPE html PUBLIC "-//W3C//DTD XHTML 1.0 Transitional//EN"
    "http://www.w3.org/TR/xhtml1/DTD/xhtml1-transitional.dtd">
<html xmlns="http://www.w3.org/1999/xhtml" xml:lang="en" lang="en">
 <head>
  <title>
</title>
<meta http-equiv="Content-Type" content="text/html;charset=utf-8" />
  <meta name='ocr-system' content='tesseract 3.04.00' />
  <meta name='ocr-capabilities' content='ocr_page ocr_carea ocr_par ocr_line ocrx_word'/>
</head>
<body>
  <div class='ocr_page' id='page_1' title='image "./inmterentivarron00vahluoft/inmterentivarron00vahluoft_0140.png"; bbox 0 0 1898 3236; ppageno 0'>
   <div class='ocr_carea' id='block_1_1' title="bbox 226 299 1133 340">
    <p class='ocr_par' dir='ltr' id='par_1_1' title="bbox 226 299 1133 340">
     <span class='ocr_line' id='line_1_1' title="bbox 226 299 1133 340; baseline -0.004 0"><span class='ocrx_word' id='word_1_1' title='bbox 226 299 304 340; x_wconf 79' lang='lat'><strong>130</strong></span> <span class='ocrx_word' id='word_1_2' title='bbox 789 305 1133 338; x_wconf 74' lang='lat' dir='ltr'><strong>comEcrANEA.</strong></span> 
     </span>
    </p>
   </div>
   <div class='ocr_carea' id='block_1_2' title="bbox 179 405 1712 3010">
    <p class='ocr_par' dir='ltr' id='par_1_2' title="bbox 223 405 1700 464">
     <span class='ocr_line' id='line_1_2' title="bbox 223 405 1700 464; baseline -0.003 -13"><span class='ocrx_word' id='word_1_3' title='bbox 223 414 344 452; x_wconf 85' lang='lat' dir='ltr'><strong>etiam</strong></span> <span class='ocrx_word' id='word_1_4' title='bbox 362 413 431 451; x_wconf 86' lang='lat' dir='ltr'><strong>frr.</strong></span> <span class='ocrx_word' id='word_1_5' title='bbox 455 419 497 453; x_wconf 84' lang='lat'><strong>21</strong></span> <span class='ocrx_word' id='word_1_6' title='bbox 522 419 562 450; x_wconf 89' lang='lat' dir='ltr'><strong>et</strong></span> <span class='ocrx_word' id='word_1_7' title='bbox 581 418 626 452; x_wconf 82' lang='lat'><strong>22</strong></span> <span class='ocrx_word' id='word_1_8' title='bbox 644 412 838 460; x_wconf 87' lang='lat' dir='ltr'><strong>indicant,</strong></span> <span class='ocrx_word' id='word_1_9' title='bbox 864 411 1092 464; x_wconf 86' lang='lat' dir='ltr'><strong>disputasse</strong></span> <span class='ocrx_word' id='word_1_10' title='bbox 1112 413 1336 451; x_wconf 86' lang='lat' dir='ltr'><strong>Varronem</strong></span> <span class='ocrx_word' id='word_1_11' title='bbox 1356 411 1434 449; x_wconf 86' lang='lat' dir='ltr'><strong>hac</strong></span> <span class='ocrx_word' id='word_1_12' title='bbox 1458 415 1595 449; x_wconf 84' lang='lat' dir='ltr'><strong>satura</strong></span> <span class='ocrx_word' id='word_1_13' title='bbox 1610 405 1700 460; x_wconf 58' lang='lat' dir='ltr'><strong>absol</strong></span> 
     </span>
    </p>

    <p class='ocr_par' dir='ltr' id='par_1_3' title="bbox 200 467 1712 1663">
     <span class='ocr_line' id='line_1_3' title="bbox 200 467 1700 534; baseline -0.003 -13"><span class='ocrx_word' id='word_1_14' title='bbox 200 467 391 534; x_wconf 38' lang='grc' dir='ltr'><strong>ἡτρόπων.</strong></span> <span class='ocrx_word' id='word_1_15' title='bbox 451 484 556 522; x_wconf 85' lang='lat' dir='ltr'><strong>Nam</strong></span> <span class='ocrx_word' id='word_1_16' title='bbox 587 496 638 520; x_wconf 87' lang='lat' dir='ltr'><strong>ne</strong></span> <span class='ocrx_word' id='word_1_17' title='bbox 670 496 719 520; x_wconf 90' lang='lat' dir='ltr'><strong>ea</strong></span> <span class='ocrx_word' id='word_1_18' title='bbox 741 482 904 534; x_wconf 85' lang='lat' dir='ltr'><strong>quidem</strong></span> <span class='ocrx_word' id='word_1_19' title='bbox 934 495 978 520; x_wconf 90' lang='lat' dir='ltr'><strong>re</strong></span> <span class='ocrx_word' id='word_1_20' title='bbox 1009 495 1167 520; x_wconf 88' lang='lat' dir='ltr'><strong>omnem</strong></span> <span class='ocrx_word' id='word_1_21' title='bbox 1187 488 1349 520; x_wconf 84' lang='lat' dir='ltr'><strong>saturae</strong></span> <span class='ocrx_word' id='word_1_22' title='bbox 1373 480 1582 521; x_wconf 80' lang='lat' dir='ltr'><strong>materiam</strong></span> <span class='ocrx_word' id='word_1_23' title='bbox 1608 493 1700 518; x_wconf 89' lang='lat' dir='ltr'><strong>con-</strong></span> 
     </span>
     <span class='ocr_line' id='line_1_4' title="bbox 222 552 1702 604; baseline -0.003 -11"><span class='ocrx_word' id='word_1_24' title='bbox 222 555 340 593; x_wconf 81' lang='lat' dir='ltr'><strong>tineri</strong></span> <span class='ocrx_word' id='word_1_25' title='bbox 375 554 565 600; x_wconf 83' lang='lat' dir='ltr'>arbitror,</span> <span class='ocrx_word' id='word_1_26' title='bbox 611 558 655 591; x_wconf 89' lang='lat' dir='ltr'><strong>ut</strong></span> <span class='ocrx_word' id='word_1_27' title='bbox 690 553 763 592; x_wconf 86' lang='lat' dir='ltr'><strong>illa</strong></span> <span class='ocrx_word' id='word_1_28' title='bbox 796 553 1042 592; x_wconf 88' lang='lat' dir='ltr'><strong>conveniens</strong></span> <span class='ocrx_word' id='word_1_29' title='bbox 1081 553 1132 591; x_wconf 89' lang='lat' dir='ltr'><strong>sit</strong></span> <span class='ocrx_word' id='word_1_30' title='bbox 1162 552 1320 591; x_wconf 89' lang='lat' dir='ltr'><strong>omnino</strong></span> <span class='ocrx_word' id='word_1_31' title='bbox 1351 553 1582 604; x_wconf 83' lang='lat' dir='ltr'><strong>inscriptio:</strong></span> <span class='ocrx_word' id='word_1_32' title='bbox 1626 563 1702 590; x_wconf 89' lang='lat' dir='ltr'><strong>nec</strong></span> 
     </span>
     <span class='ocr_line' id='line_1_5' title="bbox 223 619 1712 678; baseline -0.003 -14"><span class='ocrx_word' id='word_1_33' title='bbox 223 627 365 678; x_wconf 86' lang='lat' dir='ltr'><strong>quales</strong></span> <span class='ocrx_word' id='word_1_34' title='bbox 405 625 590 663; x_wconf 87' lang='lat' dir='ltr'><strong>dicantur</strong></span> <span class='ocrx_word' id='word_1_35' title='bbox 619 625 793 664; x_wconf 88' lang='lat' dir='ltr'><strong>Varroni</strong></span> <span class='ocrx_word' id='word_1_36' title='bbox 830 619 968 675; x_wconf 80' lang='grc' dir='ltr'><em>τρόποι</em></span> <span class='ocrx_word' id='word_1_37' title='bbox 1000 638 1024 662; x_wconf 85' lang='lat' dir='ltr'><strong>a</strong></span> <span class='ocrx_word' id='word_1_38' title='bbox 1053 637 1256 677; x_wconf 85' lang='lat' dir='ltr'><strong>quoquam</strong></span> <span class='ocrx_word' id='word_1_39' title='bbox 1283 628 1541 675; x_wconf 86' lang='lat' dir='ltr'><strong>perspectum</strong></span> <span class='ocrx_word' id='word_1_40' title='bbox 1565 622 1712 661; x_wconf 58' lang='lat' dir='ltr'><strong>videm*</strong></span> 
     </span>
     <span class='ocr_line' id='line_1_6' title="bbox 222 686 1705 749; baseline -0.003 -15"><span class='ocrx_word' id='word_1_41' title='bbox 222 698 286 734; x_wconf 90' lang='lat' dir='ltr'><strong>De</strong></span> <span class='ocrx_word' id='word_1_42' title='bbox 325 696 468 749; x_wconf 88' lang='lat' dir='ltr'><strong>quibus</strong></span> <span class='ocrx_word' id='word_1_43' title='bbox 507 694 563 733; x_wconf 81' lang='lat' dir='ltr'><strong>ita</strong></span> <span class='ocrx_word' id='word_1_44' title='bbox 601 694 802 734; x_wconf 86' lang='lat' dir='ltr'><strong>Oehlerus</strong></span> <span class='ocrx_word' id='word_1_45' title='bbox 841 694 893 733; x_wconf 82' lang='lat' dir='ltr'><strong>ad</strong></span> <span class='ocrx_word' id='word_1_46' title='bbox 933 697 982 736; x_wconf 86' lang='lat' dir='ltr'><strong>fr.</strong></span> <span class='ocrx_word' id='word_1_47' title='bbox 1019 701 1083 734; x_wconf 77' lang='lat'><strong>22:</strong></span> <span class='ocrx_word' id='word_1_48' title='bbox 1127 689 1304 748; x_wconf 64' lang='grc' dir='ltr'><strong>ετρόπων</strong></span> <span class='ocrx_word' id='word_1_49' title='bbox 1345 686 1482 745; x_wconf 79' lang='grc' dir='ltr'><strong><em>τρόποι</em></strong></span> <span class='ocrx_word' id='word_1_50' title='bbox 1518 693 1705 732; x_wconf 89' lang='lat' dir='ltr'><strong>videntur</strong></span> 
     </span>
     <span class='ocr_line' id='line_1_7' title="bbox 224 763 1704 818; baseline -0.003 -13"><span class='ocrx_word' id='word_1_51' title='bbox 224 780 314 814; x_wconf 86' lang='lat' dir='ltr'><strong>esse</strong></span> <span class='ocrx_word' id='word_1_52' title='bbox 344 779 498 805; x_wconf 88' lang='lat' dir='ltr'><strong>morum</strong></span> <span class='ocrx_word' id='word_1_53' title='bbox 526 778 600 818; x_wconf 88' lang='lat' dir='ltr'><strong>per</strong></span> <span class='ocrx_word' id='word_1_54' title='bbox 631 771 810 816; x_wconf 86' lang='lat' dir='ltr'><strong>tempora</strong></span> <span class='ocrx_word' id='word_1_55' title='bbox 841 765 1095 816; x_wconf 84' lang='lat' dir='ltr'><strong>mutationes,</strong></span> <span class='ocrx_word' id='word_1_56' title='bbox 1126 766 1269 818; x_wconf 86' lang='lat' dir='ltr'><strong>quibus</strong></span> <span class='ocrx_word' id='word_1_57' title='bbox 1298 764 1493 802; x_wconf 84' lang='lat' dir='ltr'>luxuriosi</span> <span class='ocrx_word' id='word_1_58' title='bbox 1522 763 1704 802; x_wconf 81' lang='lat' dir='ltr'><strong>homines</strong></span> 
     </span>
     <span class='ocr_line' id='line_1_8' title="bbox 222 832 1704 887; baseline -0.004 -11"><span class='ocrx_word' id='word_1_59' title='bbox 222 837 423 876; x_wconf 86' lang='lat' dir='ltr'><strong>interdum</strong></span> <span class='ocrx_word' id='word_1_60' title='bbox 465 849 510 875; x_wconf 85' lang='lat' dir='ltr'><strong>se</strong></span> <span class='ocrx_word' id='word_1_61' title='bbox 551 849 749 874; x_wconf 84' lang='lat' dir='ltr'><strong>excusare</strong></span> <span class='ocrx_word' id='word_1_62' title='bbox 793 836 953 874; x_wconf 60' lang='lat' dir='ltr'><strong>solent?</strong></span> <span class='ocrx_word' id='word_1_63' title='bbox 1021 835 1154 887; x_wconf 74' lang='lat' dir='ltr'><strong>Quam</strong></span> <span class='ocrx_word' id='word_1_64' title='bbox 1196 835 1436 875; x_wconf 86' lang='lat' dir='ltr'><strong>sententiam</strong></span> <span class='ocrx_word' id='word_1_65' title='bbox 1478 832 1704 872; x_wconf 83' lang='lat' dir='ltr'><strong>Mercklino</strong></span> 
     </span>
     <span class='ocr_line' id='line_1_9' title="bbox 221 906 1704 959; baseline -0.005 -11"><span class='ocrx_word' id='word_1_66' title='bbox 221 909 433 959; x_wconf 80' lang='lat' dir='ltr'><strong>probatam</strong></span> <span class='ocrx_word' id='word_1_67' title='bbox 476 908 608 945; x_wconf 79' lang='lat' dir='ltr'><strong>fateor</strong></span> <span class='ocrx_word' id='word_1_68' title='bbox 646 919 708 945; x_wconf 88' lang='lat' dir='ltr'><strong>me</strong></span> <span class='ocrx_word' id='word_1_69' title='bbox 745 907 901 945; x_wconf 81' lang='lat' dir='ltr'><strong>nescire</strong></span> <span class='ocrx_word' id='word_1_70' title='bbox 931 906 1001 958; x_wconf 91' lang='lat' dir='ltr'><strong>qui</strong></span> <span class='ocrx_word' id='word_1_71' title='bbox 1030 907 1107 958; x_wconf 88' lang='lat' dir='ltr'><strong>ipsi</strong></span> <span class='ocrx_word' id='word_1_72' title='bbox 1135 908 1202 947; x_wconf 86' lang='lat' dir='ltr'><strong>isti</strong></span> <span class='ocrx_word' id='word_1_73' title='bbox 1228 909 1453 958; x_wconf 85' lang='lat' dir='ltr'><strong>fragmento</strong></span> <span class='ocrx_word' id='word_1_74' title='bbox 1481 916 1704 942; x_wconf 87' lang='lat' dir='ltr'><strong>accommo-</strong></span> 
     </span>
     <span class='ocr_line' id='line_1_10' title="bbox 222 973 1704 1030; baseline -0.004 -12"><span class='ocrx_word' id='word_1_75' title='bbox 222 979 327 1018; x_wconf 84' lang='lat' dir='ltr'><strong>dem.</strong></span> <span class='ocrx_word' id='word_1_76' title='bbox 388 978 465 1018; x_wconf 94' lang='lat' dir='ltr'><strong>Vel</strong></span> <span class='ocrx_word' id='word_1_77' title='bbox 501 978 579 1015; x_wconf 93' lang='lat' dir='ltr'><strong>hoc</strong></span> <span class='ocrx_word' id='word_1_78' title='bbox 612 977 759 1015; x_wconf 87' lang='lat' dir='ltr'><strong>vellem</strong></span> <span class='ocrx_word' id='word_1_79' title='bbox 791 976 990 1015; x_wconf 74' lang='lat' dir='ltr'><strong>oehlerus</strong></span> <span class='ocrx_word' id='word_1_80' title='bbox 1022 978 1089 1016; x_wconf 90' lang='lat' dir='ltr'><strong>vel</strong></span> <span class='ocrx_word' id='word_1_81' title='bbox 1119 978 1186 1030; x_wconf 90' lang='lat' dir='ltr'><strong>qui</strong></span> <span class='ocrx_word' id='word_1_82' title='bbox 1217 991 1306 1016; x_wconf 91' lang='lat' dir='ltr'><strong>eum</strong></span> <span class='ocrx_word' id='word_1_83' title='bbox 1335 973 1516 1029; x_wconf 79' lang='lat' dir='ltr'><strong>sequitur</strong></span> <span class='ocrx_word' id='word_1_84' title='bbox 1544 973 1704 1013; x_wconf 89' lang='lat' dir='ltr'><strong>Merck-</strong></span> 
     </span>
     <span class='ocr_line' id='line_1_11' title="bbox 223 1046 1703 1101; baseline -0.004 -13"><span class='ocrx_word' id='word_1_85' title='bbox 223 1050 326 1088; x_wconf 87' lang='lat' dir='ltr'><strong>linus</strong></span> <span class='ocrx_word' id='word_1_86' title='bbox 367 1050 544 1101; x_wconf 85' lang='lat' dir='ltr'><strong>apertius</strong></span> <span class='ocrx_word' id='word_1_87' title='bbox 577 1048 765 1096; x_wconf 81' lang='lat' dir='ltr'><strong>dixisset,</strong></span> <span class='ocrx_word' id='word_1_88' title='bbox 804 1047 903 1100; x_wconf 76' lang='lat' dir='ltr'><strong>quid</strong></span> <span class='ocrx_word' id='word_1_89' title='bbox 938 1046 1127 1085; x_wconf 82' lang='lat' dir='ltr'><strong>heroibus</strong></span> <span class='ocrx_word' id='word_1_90' title='bbox 1166 1061 1253 1086; x_wconf 89' lang='lat' dir='ltr'><strong>cum</strong></span> <span class='ocrx_word' id='word_1_91' title='bbox 1284 1048 1363 1086; x_wconf 85' lang='lat' dir='ltr'><strong>ista</strong></span> <span class='ocrx_word' id='word_1_92' title='bbox 1393 1060 1546 1085; x_wconf 87' lang='lat' dir='ltr'><strong>morum</strong></span> <span class='ocrx_word' id='word_1_93' title='bbox 1578 1050 1703 1083; x_wconf 85' lang='lat' dir='ltr'><strong>muta-</strong></span> 
     </span>
     <span class='ocr_line' id='line_1_12' title="bbox 222 1111 1704 1169; baseline -0.003 -11"><span class='ocrx_word' id='word_1_94' title='bbox 222 1121 344 1158; x_wconf 80' lang='lat' dir='ltr'><strong>tione.</strong></span> <span class='ocrx_word' id='word_1_95' title='bbox 404 1119 511 1158; x_wconf 88' lang='lat' dir='ltr'><strong>Nam</strong></span> <span class='ocrx_word' id='word_1_96' title='bbox 539 1119 597 1157; x_wconf 90' lang='lat' dir='ltr'><strong>sic</strong></span> <span class='ocrx_word' id='word_1_97' title='bbox 628 1111 786 1169; x_wconf 81' lang='grc' dir='ltr'><strong><em>τρόπων</em></strong></span> <span class='ocrx_word' id='word_1_98' title='bbox 816 1111 984 1166; x_wconf 82' lang='grc' dir='ltr'><em>τρόπους</em></span> <span class='ocrx_word' id='word_1_99' title='bbox 1016 1124 1056 1156; x_wconf 87' lang='lat' dir='ltr'><strong>et</strong></span> <span class='ocrx_word' id='word_1_100' title='bbox 1086 1118 1229 1157; x_wconf 87' lang='lat' dir='ltr'><strong>heroes</strong></span> <span class='ocrx_word' id='word_1_101' title='bbox 1261 1117 1373 1155; x_wconf 85' lang='lat' dir='ltr'><strong>iuxta</strong></span> <span class='ocrx_word' id='word_1_102' title='bbox 1401 1118 1535 1169; x_wconf 82' lang='lat' dir='ltr'><strong>posuit</strong></span> <span class='ocrx_word' id='word_1_103' title='bbox 1562 1118 1704 1164; x_wconf 85' lang='lat' dir='ltr'><strong>Varro,</strong></span> 
     </span>
     <span class='ocr_line' id='line_1_13' title="bbox 222 1181 1707 1241; baseline -0.002 -12"><span class='ocrx_word' id='word_1_104' title='bbox 222 1197 265 1229; x_wconf 89' lang='lat' dir='ltr'><strong>ut</strong></span> <span class='ocrx_word' id='word_1_105' title='bbox 293 1203 373 1229; x_wconf 90' lang='lat' dir='ltr'><strong>non</strong></span> <span class='ocrx_word' id='word_1_106' title='bbox 400 1189 545 1228; x_wconf 87' lang='lat' dir='ltr'><strong>abesse</strong></span> <span class='ocrx_word' id='word_1_107' title='bbox 571 1189 675 1227; x_wconf 83' lang='lat' dir='ltr'><strong>inter</strong></span> <span class='ocrx_word' id='word_1_108' title='bbox 704 1201 773 1227; x_wconf 90' lang='lat' dir='ltr'><strong>eos</strong></span> <span class='ocrx_word' id='word_1_109' title='bbox 795 1188 931 1241; x_wconf 87' lang='lat' dir='ltr'><strong>aliqua</strong></span> <span class='ocrx_word' id='word_1_110' title='bbox 951 1190 1053 1227; x_wconf 85' lang='lat' dir='ltr'><strong>ratio</strong></span> <span class='ocrx_word' id='word_1_111' title='bbox 1074 1189 1204 1240; x_wconf 84' lang='lat' dir='ltr'><strong>possit</strong></span> <span class='ocrx_word' id='word_1_112' title='bbox 1233 1187 1334 1239; x_wconf 79' lang='lat'>(22):</span> <span class='ocrx_word' id='word_1_113' title='bbox 1361 1181 1518 1239; x_wconf 71' lang='grc' dir='ltr'><strong><em>τρόπων</em></strong></span> <span class='ocrx_word' id='word_1_114' title='bbox 1538 1182 1707 1240; x_wconf 79' lang='grc' dir='ltr'><strong><em>τρόπους</em></strong></span> 
     </span>
     <span class='ocr_line' id='line_1_14' title="bbox 223 1261 1708 1311; baseline -0.003 -11"><span class='ocrx_word' id='word_1_115' title='bbox 223 1265 289 1311; x_wconf 81' lang='lat' dir='ltr'><strong>qui</strong></span> <span class='ocrx_word' id='word_1_116' title='bbox 316 1274 390 1300; x_wconf 84' lang='lat' dir='ltr'><strong>non</strong></span> <span class='ocrx_word' id='word_1_117' title='bbox 419 1263 527 1298; x_wconf 84' lang='lat' dir='ltr'><strong>modo</strong></span> <span class='ocrx_word' id='word_1_118' title='bbox 556 1263 753 1308; x_wconf 75' lang='lat' dir='ltr'><strong>iynorasse</strong></span> <span class='ocrx_word' id='word_1_119' title='bbox 784 1272 841 1298; x_wconf 82' lang='lat' dir='ltr'><strong>me</strong></span> <span class='ocrx_word' id='word_1_120' title='bbox 868 1263 1020 1306; x_wconf 83' lang='lat' dir='ltr'><strong>clamat,</strong></span> <span class='ocrx_word' id='word_1_121' title='bbox 1050 1262 1119 1297; x_wconf 80' lang='lat' dir='ltr'><strong>sed</strong></span> <span class='ocrx_word' id='word_1_122' title='bbox 1147 1262 1297 1298; x_wconf 83' lang='lat' dir='ltr'><strong>omnino</strong></span> <span class='ocrx_word' id='word_1_123' title='bbox 1326 1263 1445 1298; x_wconf 77' lang='lat' dir='ltr'><strong>omnis</strong></span> <span class='ocrx_word' id='word_1_124' title='bbox 1474 1261 1614 1297; x_wconf 76' lang='lat' dir='ltr'><strong>heroas</strong></span> <span class='ocrx_word' id='word_1_125' title='bbox 1643 1270 1708 1296; x_wconf 79' lang='lat' dir='ltr'><strong>ne-</strong></span> 
     </span>
     <span class='ocr_line' id='line_1_15' title="bbox 221 1323 1706 1381; baseline -0.002 -11"><span class='ocrx_word' id='word_1_126' title='bbox 221 1340 287 1381; x_wconf 78' lang='lat' dir='ltr'><strong>yat</strong></span> <span class='ocrx_word' id='word_1_127' title='bbox 323 1334 498 1370; x_wconf 78' lang='lat' dir='ltr'><strong>nescisse.</strong></span> <span class='ocrx_word' id='word_1_128' title='bbox 558 1330 615 1368; x_wconf 88' lang='lat' dir='ltr'><strong>At</strong></span> <span class='ocrx_word' id='word_1_129' title='bbox 645 1343 742 1369; x_wconf 86' lang='lat' dir='ltr'><strong>vero</strong></span> <span class='ocrx_word' id='word_1_130' title='bbox 772 1343 853 1368; x_wconf 90' lang='lat' dir='ltr'><strong>non</strong></span> <span class='ocrx_word' id='word_1_131' title='bbox 883 1323 1019 1381; x_wconf 80' lang='grc' dir='ltr'><em>τρόποι</em></span> <span class='ocrx_word' id='word_1_132' title='bbox 1053 1336 1093 1369; x_wconf 87' lang='lat' dir='ltr'><strong>et</strong></span> <span class='ocrx_word' id='word_1_133' title='bbox 1120 1330 1266 1369; x_wconf 89' lang='lat' dir='ltr'><strong>heroes</strong></span> <span class='ocrx_word' id='word_1_134' title='bbox 1295 1330 1400 1370; x_wconf 90' lang='lat' dir='ltr'><strong>inter</strong></span> <span class='ocrx_word' id='word_1_135' title='bbox 1430 1342 1473 1368; x_wconf 86' lang='lat' dir='ltr'><strong>se</strong></span> <span class='ocrx_word' id='word_1_136' title='bbox 1501 1340 1706 1381; x_wconf 89' lang='lat' dir='ltr'><strong>opponun-</strong></span> 
     </span>
     <span class='ocr_line' id='line_1_16' title="bbox 223 1400 1709 1451; baseline -0.002 -10"><span class='ocrx_word' id='word_1_137' title='bbox 223 1411 309 1450; x_wconf 88' lang='lat' dir='ltr'><strong>tur,</strong></span> <span class='ocrx_word' id='word_1_138' title='bbox 355 1401 427 1441; x_wconf 84' lang='lat' dir='ltr'><strong>sed</strong></span> <span class='ocrx_word' id='word_1_139' title='bbox 467 1401 524 1439; x_wconf 87' lang='lat' dir='ltr'><strong>ita</strong></span> <span class='ocrx_word' id='word_1_140' title='bbox 555 1400 682 1439; x_wconf 89' lang='lat' dir='ltr'><strong>verba</strong></span> <span class='ocrx_word' id='word_1_141' title='bbox 722 1401 911 1451; x_wconf 86' lang='lat' dir='ltr'><strong>coniungi</strong></span> <span class='ocrx_word' id='word_1_142' title='bbox 951 1400 1120 1439; x_wconf 85' lang='lat' dir='ltr'><strong>debent:</strong></span> <span class='ocrx_word' id='word_1_143' title='bbox 1159 1415 1233 1440; x_wconf 80' lang='lat' dir='ltr'><strong>nen</strong></span> <span class='ocrx_word' id='word_1_144' title='bbox 1262 1414 1320 1439; x_wconf 88' lang='lat' dir='ltr'><strong>me</strong></span> <span class='ocrx_word' id='word_1_145' title='bbox 1349 1404 1457 1439; x_wconf 82' lang='lat' dir='ltr'><strong>modo</strong></span> <span class='ocrx_word' id='word_1_146' title='bbox 1494 1403 1562 1438; x_wconf 82' lang='lat' dir='ltr'><strong>sed</strong></span> <span class='ocrx_word' id='word_1_147' title='bbox 1589 1404 1709 1439; x_wconf 82' lang='lat' dir='ltr'><strong>omnis</strong></span> 
     </span>
     <span class='ocr_line' id='line_1_17' title="bbox 223 1462 1706 1524; baseline -0.002 -13"><span class='ocrx_word' id='word_1_148' title='bbox 223 1476 362 1511; x_wconf 81' lang='lat' dir='ltr'><strong>heroas</strong></span> <span class='ocrx_word' id='word_1_149' title='bbox 391 1476 589 1520; x_wconf 77' lang='lat' dir='ltr'><strong>iynorasse</strong></span> <span class='ocrx_word' id='word_1_150' title='bbox 618 1465 773 1523; x_wconf 84' lang='grc' dir='ltr'><strong><em>τρόπων</em></strong></span> <span class='ocrx_word' id='word_1_151' title='bbox 800 1465 979 1520; x_wconf 78' lang='grc' dir='ltr'><strong><em>τρόπους.</em></strong></span> <span class='ocrx_word' id='word_1_152' title='bbox 1021 1462 1104 1510; x_wconf 76' lang='lat' dir='ltr'><strong>Se&#39;d</strong></span> <span class='ocrx_word' id='word_1_153' title='bbox 1132 1485 1183 1510; x_wconf 90' lang='lat' dir='ltr'><strong>ne</strong></span> <span class='ocrx_word' id='word_1_154' title='bbox 1204 1472 1283 1510; x_wconf 86' lang='lat' dir='ltr'><strong>hac</strong></span> <span class='ocrx_word' id='word_1_155' title='bbox 1305 1471 1467 1524; x_wconf 89' lang='lat' dir='ltr'><strong>quidem</strong></span> <span class='ocrx_word' id='word_1_156' title='bbox 1491 1476 1706 1518; x_wconf 77' lang='lat' dir='ltr'><strong>structura,</strong></span> 
     </span>
     <span class='ocr_line' id='line_1_18' title="bbox 226 1534 1708 1595; baseline 0 -15"><span class='ocrx_word' id='word_1_157' title='bbox 226 1556 345 1595; x_wconf 84' lang='lat' dir='ltr'><strong>quam</strong></span> <span class='ocrx_word' id='word_1_158' title='bbox 385 1542 480 1580; x_wconf 89' lang='lat' dir='ltr'><strong>olim</strong></span> <span class='ocrx_word' id='word_1_159' title='bbox 512 1544 669 1594; x_wconf 88' lang='lat' dir='ltr'><strong>Popma</strong></span> <span class='ocrx_word' id='word_1_160' title='bbox 698 1549 860 1581; x_wconf 89' lang='lat' dir='ltr'><strong>secutus</strong></span> <span class='ocrx_word' id='word_1_161' title='bbox 894 1549 975 1590; x_wconf 84' lang='lat' dir='ltr'><strong>est,</strong></span> <span class='ocrx_word' id='word_1_162' title='bbox 1014 1543 1083 1581; x_wconf 89' lang='lat' dir='ltr'><strong>vel</strong></span> <span class='ocrx_word' id='word_1_163' title='bbox 1113 1534 1251 1592; x_wconf 79' lang='grc' dir='ltr'><strong><em>τρόποι</em></strong></span> <span class='ocrx_word' id='word_1_164' title='bbox 1282 1542 1351 1580; x_wconf 90' lang='lat' dir='ltr'><strong>illa</strong></span> <span class='ocrx_word' id='word_1_165' title='bbox 1377 1542 1541 1594; x_wconf 86' lang='lat' dir='ltr'><strong>quidem</strong></span> <span class='ocrx_word' id='word_1_166' title='bbox 1567 1541 1610 1581; x_wconf 81' lang='lat' dir='ltr'><strong>vi</strong></span> <span class='ocrx_word' id='word_1_167' title='bbox 1640 1541 1708 1580; x_wconf 90' lang='lat' dir='ltr'><strong>vel</strong></span> 
     </span>
     <span class='ocr_line' id='line_1_19' title="bbox 228 1612 1162 1663; baseline -0.001 -11"><span class='ocrx_word' id='word_1_168' title='bbox 228 1614 354 1653; x_wconf 88' lang='lat' dir='ltr'><strong>omnis</strong></span> <span class='ocrx_word' id='word_1_169' title='bbox 384 1614 586 1663; x_wconf 81' lang='lat' dir='ltr'><strong>sententia</strong></span> <span class='ocrx_word' id='word_1_170' title='bbox 613 1614 794 1651; x_wconf 83' lang='lat' dir='ltr'><strong>nancisci</strong></span> <span class='ocrx_word' id='word_1_171' title='bbox 823 1614 955 1651; x_wconf 85' lang='lat' dir='ltr'><strong>lucem</strong></span> <span class='ocrx_word' id='word_1_172' title='bbox 990 1612 1162 1651; x_wconf 88' lang='lat' dir='ltr'><strong>videtur.</strong></span> 
     </span>
    </p>

    <p class='ocr_par' dir='ltr' id='par_1_4' title="bbox 179 1672 1712 3010">
     <span class='ocr_line' id='line_1_20' title="bbox 339 1672 1707 1735; baseline -0.002 -12"><span class='ocrx_word' id='word_1_173' title='bbox 339 1686 466 1723; x_wconf 92' lang='lat' dir='ltr'><strong>Immo</strong></span> <span class='ocrx_word' id='word_1_174' title='bbox 511 1677 647 1734; x_wconf 82' lang='grc' dir='ltr'><strong><em>τρόποι</em></strong></span> <span class='ocrx_word' id='word_1_175' title='bbox 682 1677 856 1724; x_wconf 83' lang='lat' dir='ltr'><strong>Varroni</strong></span> <span class='ocrx_word' id='word_1_176' title='bbox 900 1698 980 1722; x_wconf 89' lang='lat' dir='ltr'><strong>non</strong></span> <span class='ocrx_word' id='word_1_177' title='bbox 1010 1683 1090 1721; x_wconf 85' lang='lat' dir='ltr'><strong>alia</strong></span> <span class='ocrx_word' id='word_1_178' title='bbox 1119 1685 1160 1722; x_wconf 91' lang='lat' dir='ltr'><strong>vi</strong></span> <span class='ocrx_word' id='word_1_179' title='bbox 1190 1697 1310 1735; x_wconf 88' lang='lat' dir='ltr'><strong>quam</strong></span> <span class='ocrx_word' id='word_1_180' title='bbox 1337 1672 1540 1722; x_wconf 83' lang='lat' dir='ltr'><strong>rhetorica</strong></span> <span class='ocrx_word' id='word_1_181' title='bbox 1570 1683 1707 1722; x_wconf 81' lang='lat' dir='ltr'><strong>dieun-</strong></span> 
     </span>
     <span class='ocr_line' id='line_1_21' title="bbox 226 1747 1708 1807; baseline -0.001 -13"><span class='ocrx_word' id='word_1_182' title='bbox 226 1763 309 1795; x_wconf 88' lang='lat' dir='ltr'><strong>tur:</strong></span> <span class='ocrx_word' id='word_1_183' title='bbox 346 1761 391 1793; x_wconf 80' lang='lat' dir='ltr'><strong>ut</strong></span> <span class='ocrx_word' id='word_1_184' title='bbox 428 1755 663 1807; x_wconf 14' lang='lat' dir='ltr'><strong>rhetoricae*</strong></span> <span class='ocrx_word' id='word_1_185' title='bbox 695 1755 884 1793; x_wconf 85' lang='lat' dir='ltr'><strong>admonet</strong></span> <span class='ocrx_word' id='word_1_186' title='bbox 917 1755 1036 1792; x_wconf 87' lang='lat' dir='ltr'><strong>etiam</strong></span> <span class='ocrx_word' id='word_1_187' title='bbox 1067 1748 1303 1806; x_wconf 78' lang='grc' dir='ltr'><strong><em>κατᾴχρησις</em></strong></span> <span class='ocrx_word' id='word_1_188' title='bbox 1334 1756 1375 1792; x_wconf 90' lang='lat' dir='ltr'><strong>in</strong></span> <span class='ocrx_word' id='word_1_189' title='bbox 1406 1755 1454 1793; x_wconf 87' lang='lat' dir='ltr'><strong>fr.</strong></span> <span class='ocrx_word' id='word_1_190' title='bbox 1483 1760 1546 1796; x_wconf 81' lang='lat'><strong>23:</strong></span> <span class='ocrx_word' id='word_1_191' title='bbox 1591 1747 1708 1792; x_wconf 77' lang='grc' dir='ltr'><strong><em>κατά-</em></strong></span> 
     </span>
     <span class='ocr_line' id='line_1_22' title="bbox 226 1820 1708 1878; baseline -0.001 -14"><span class='ocrx_word' id='word_1_192' title='bbox 226 1837 361 1878; x_wconf 80' lang='grc' dir='ltr'><strong><em>χρησις</em></strong></span> <span class='ocrx_word' id='word_1_193' title='bbox 391 1833 446 1864; x_wconf 80' lang='lat' dir='ltr'><strong>est</strong></span> <span class='ocrx_word' id='word_1_194' title='bbox 474 1829 572 1864; x_wconf 82' lang='lat' dir='ltr'><strong>enim</strong></span> <span class='ocrx_word' id='word_1_195' title='bbox 602 1838 705 1872; x_wconf 83' lang='lat' dir='ltr'><strong>vera,</strong></span> <span class='ocrx_word' id='word_1_196' title='bbox 735 1820 820 1864; x_wconf 80' lang='lat' dir='ltr'><strong>cu&#39;m</strong></span> <span class='ocrx_word' id='word_1_197' title='bbox 850 1828 889 1863; x_wconf 82' lang='lat' dir='ltr'><strong>in</strong></span> <span class='ocrx_word' id='word_1_198' title='bbox 919 1828 1149 1863; x_wconf 81' lang='lat' dir='ltr'><strong>candelabro</strong></span> <span class='ocrx_word' id='word_1_199' title='bbox 1176 1829 1321 1874; x_wconf 77' lang='lat' dir='ltr'><strong>pendet</strong></span> <span class='ocrx_word' id='word_1_200' title='bbox 1348 1828 1521 1874; x_wconf 59' lang='lat' dir='ltr'><strong>serimus,</strong></span> <span class='ocrx_word' id='word_1_201' title='bbox 1555 1826 1596 1864; x_wconf 90' lang='lat' dir='ltr'><strong>in</strong></span> <span class='ocrx_word' id='word_1_202' title='bbox 1629 1838 1708 1877; x_wconf 90' lang='lat' dir='ltr'><strong>quo</strong></span> 
     </span>
     <span class='ocr_line' id='line_1_23' title="bbox 229 1895 1708 1943; baseline -0.003 -6"><span class='ocrx_word' id='word_1_203' title='bbox 229 1912 317 1937; x_wconf 89' lang='lat' dir='ltr'><strong>cum</strong></span> <span class='ocrx_word' id='word_1_204' title='bbox 353 1909 443 1935; x_wconf 83' lang='lat' dir='ltr'><strong>vera</strong></span> <span class='ocrx_word' id='word_1_205' title='bbox 482 1910 623 1935; x_wconf 90' lang='lat' dir='ltr'><strong>vocem</strong></span> <span class='ocrx_word' id='word_1_206' title='bbox 654 1895 860 1936; x_wconf 87' lang='lat' dir='ltr'><strong>Oehlerus</strong></span> <span class='ocrx_word' id='word_1_207' title='bbox 898 1909 979 1933; x_wconf 89' lang='lat' dir='ltr'><strong>non</strong></span> <span class='ocrx_word' id='word_1_208' title='bbox 1017 1895 1266 1943; x_wconf 85' lang='lat' dir='ltr'><strong>attenderet,</strong></span> <span class='ocrx_word' id='word_1_209' title='bbox 1308 1896 1456 1934; x_wconf 86' lang='lat' dir='ltr'><strong>fefellit</strong></span> <span class='ocrx_word' id='word_1_210' title='bbox 1496 1909 1586 1934; x_wconf 87' lang='lat' dir='ltr'><strong>eum</strong></span> <span class='ocrx_word' id='word_1_211' title='bbox 1619 1908 1708 1933; x_wconf 86' lang='lat' dir='ltr'><strong>sen-</strong></span> 
     </span>
     <span class='ocr_line' id='line_1_24' title="bbox 226 1966 1708 2020; baseline -0.005 -12"><span class='ocrx_word' id='word_1_212' title='bbox 226 1969 373 2016; x_wconf 85' lang='lat' dir='ltr'><strong>tentia,</strong></span> <span class='ocrx_word' id='word_1_213' title='bbox 413 1969 519 2020; x_wconf 72' lang='lat' dir='ltr'><strong>qnae</strong></span> <span class='ocrx_word' id='word_1_214' title='bbox 560 1981 632 2007; x_wconf 86' lang='lat' dir='ltr'><strong>suo</strong></span> <span class='ocrx_word' id='word_1_215' title='bbox 668 1969 746 2006; x_wconf 88' lang='lat' dir='ltr'><strong>isto</strong></span> <span class='ocrx_word' id='word_1_216' title='bbox 780 1968 980 2006; x_wconf 74' lang='lat' dir='ltr'><strong>verleehrte</strong></span> <span class='ocrx_word' id='word_1_217' title='bbox 1029 1969 1125 2005; x_wconf 79' lang='lat' dir='ltr'><strong>Well</strong></span> <span class='ocrx_word' id='word_1_218' title='bbox 1154 1980 1235 2005; x_wconf 90' lang='lat' dir='ltr'><strong>non</strong></span> <span class='ocrx_word' id='word_1_219' title='bbox 1264 1966 1502 2005; x_wconf 89' lang='lat' dir='ltr'><strong>illustratur.</strong></span> <span class='ocrx_word' id='word_1_220' title='bbox 1573 1967 1708 2002; x_wconf 82' lang='lat' dir='ltr'><strong><em>Veram</em></strong></span> 
     </span>
     <span class='ocr_line' id='line_1_25' title="bbox 228 2032 1710 2091; baseline -0.003 -12"><span class='ocrx_word' id='word_1_221' title='bbox 228 2041 334 2079; x_wconf 90' lang='lat' dir='ltr'><strong>enim</strong></span> <span class='ocrx_word' id='word_1_222' title='bbox 369 2032 607 2091; x_wconf 77' lang='grc' dir='ltr'><strong><em>κατάχρησιν</em></strong></span> <span class='ocrx_word' id='word_1_223' title='bbox 645 2052 735 2077; x_wconf 88' lang='lat' dir='ltr'><strong>cum</strong></span> <span class='ocrx_word' id='word_1_224' title='bbox 770 2039 901 2078; x_wconf 88' lang='lat' dir='ltr'><strong>Varro</strong></span> <span class='ocrx_word' id='word_1_225' title='bbox 941 2037 1071 2086; x_wconf 87' lang='lat' dir='ltr'><strong>dicat,</strong></span> <span class='ocrx_word' id='word_1_226' title='bbox 1117 2037 1329 2089; x_wconf 89' lang='lat' dir='ltr'><strong>opponitur</strong></span> <span class='ocrx_word' id='word_1_227' title='bbox 1359 2036 1487 2074; x_wconf 88' lang='lat' dir='ltr'><strong>altera</strong></span> <span class='ocrx_word' id='word_1_228' title='bbox 1517 2035 1710 2085; x_wconf 88' lang='lat' dir='ltr'><strong>vulgaris,</strong></span> 
     </span>
     <span class='ocr_line' id='line_1_26' title="bbox 229 2105 1710 2163; baseline -0.003 -15"><span class='ocrx_word' id='word_1_229' title='bbox 229 2124 333 2163; x_wconf 87' lang='lat' dir='ltr'><strong>quae</strong></span> <span class='ocrx_word' id='word_1_230' title='bbox 379 2116 440 2148; x_wconf 87' lang='lat' dir='ltr'><strong>est</strong></span> <span class='ocrx_word' id='word_1_231' title='bbox 485 2110 698 2148; x_wconf 82' lang='lat' dir='ltr'><strong>rhetorica.</strong></span> <span class='ocrx_word' id='word_1_232' title='bbox 757 2111 867 2161; x_wconf 88' lang='lat' dir='ltr'><strong>Ergo</strong></span> <span class='ocrx_word' id='word_1_233' title='bbox 896 2110 973 2148; x_wconf 90' lang='lat' dir='ltr'><strong>hoc</strong></span> <span class='ocrx_word' id='word_1_234' title='bbox 1005 2122 1110 2147; x_wconf 89' lang='lat' dir='ltr'><strong>nunc</strong></span> <span class='ocrx_word' id='word_1_235' title='bbox 1143 2122 1193 2147; x_wconf 83' lang='lat' dir='ltr'><strong>ex</strong></span> <span class='ocrx_word' id='word_1_236' title='bbox 1223 2108 1291 2146; x_wconf 92' lang='lat' dir='ltr'><strong>illo</strong></span> <span class='ocrx_word' id='word_1_237' title='bbox 1323 2108 1395 2155; x_wconf 87' lang='lat' dir='ltr'><strong>fr.,</strong></span> <span class='ocrx_word' id='word_1_238' title='bbox 1428 2106 1535 2158; x_wconf 85' lang='lat' dir='ltr'><strong>quod</strong></span> <span class='ocrx_word' id='word_1_239' title='bbox 1569 2111 1629 2144; x_wconf 86' lang='lat' dir='ltr'><strong>est</strong></span> <span class='ocrx_word' id='word_1_240' title='bbox 1660 2105 1710 2143; x_wconf 87' lang='lat' dir='ltr'><strong>de</strong></span> 
     </span>
     <span class='ocr_line' id='line_1_27' title="bbox 179 2175 1710 2233; baseline -0.004 -13"><span class='ocrx_word' id='word_1_241' title='bbox 179 2203 187 2208; x_wconf 87' lang='lat'>-</span> <span class='ocrx_word' id='word_1_242' title='bbox 228 2175 399 2232; x_wconf 79' lang='grc' dir='ltr'><strong><em>τρόποις,</em></strong></span> <span class='ocrx_word' id='word_1_243' title='bbox 430 2181 645 2232; x_wconf 78' lang='lat' dir='ltr'><strong>colligitur,</strong></span> <span class='ocrx_word' id='word_1_244' title='bbox 672 2182 854 2232; x_wconf 86' lang='lat' dir='ltr'><strong>arguisse</strong></span> <span class='ocrx_word' id='word_1_245' title='bbox 881 2180 1083 2233; x_wconf 88' lang='lat' dir='ltr'><strong>quendam</strong></span> <span class='ocrx_word' id='word_1_246' title='bbox 1104 2180 1327 2219; x_wconf 87' lang='lat' dir='ltr'><strong>Varronem</strong></span> <span class='ocrx_word' id='word_1_247' title='bbox 1351 2175 1461 2227; x_wconf 88' lang='lat' dir='ltr'><strong>(nam</strong></span> <span class='ocrx_word' id='word_1_248' title='bbox 1482 2178 1568 2228; x_wconf 88' lang='lat' dir='ltr'><strong>ipse</strong></span> <span class='ocrx_word' id='word_1_249' title='bbox 1591 2177 1641 2215; x_wconf 86' lang='lat' dir='ltr'><strong>de</strong></span> <span class='ocrx_word' id='word_1_250' title='bbox 1666 2189 1710 2214; x_wconf 89' lang='lat' dir='ltr'><strong>se</strong></span> 
     </span>
     <span class='ocr_line' id='line_1_28' title="bbox 229 2247 1710 2305; baseline -0.004 -14"><span class='ocrx_word' id='word_1_251' title='bbox 229 2253 341 2305; x_wconf 89' lang='lat' dir='ltr'><strong>dicit)</strong></span> <span class='ocrx_word' id='word_1_252' title='bbox 381 2266 471 2291; x_wconf 90' lang='lat' dir='ltr'><strong>eum</strong></span> <span class='ocrx_word' id='word_1_253' title='bbox 509 2266 590 2290; x_wconf 91' lang='grc'><strong>11011</strong></span> <span class='ocrx_word' id='word_1_254' title='bbox 629 2253 747 2291; x_wconf 85' lang='grc' dir='ltr'><strong>1110ᾶο</strong></span> <span class='ocrx_word' id='word_1_255' title='bbox 780 2251 1091 2291; x_wconf 85' lang='lat' dir='ltr'><strong>translationum</strong></span> <span class='ocrx_word' id='word_1_256' title='bbox 1132 2263 1247 2287; x_wconf 89' lang='lat' dir='ltr'><strong>usum</strong></span> <span class='ocrx_word' id='word_1_257' title='bbox 1278 2262 1325 2286; x_wconf 84' lang='lat' dir='ltr'><strong>ac</strong></span> <span class='ocrx_word' id='word_1_258' title='bbox 1355 2248 1496 2286; x_wconf 88' lang='lat' dir='ltr'><strong>modos</strong></span> <span class='ocrx_word' id='word_1_259' title='bbox 1527 2247 1601 2286; x_wconf 85' lang='lat' dir='ltr'><strong>sed</strong></span> <span class='ocrx_word' id='word_1_260' title='bbox 1630 2255 1710 2298; x_wconf 80' lang='lat' dir='ltr'><strong>om-</strong></span> 
     </span>
     <span class='ocr_line' id='line_1_29' title="bbox 228 2311 1710 2374; baseline -0.006 -12"><span class='ocrx_word' id='word_1_261' title='bbox 228 2325 322 2362; x_wconf 90' lang='lat' dir='ltr'><strong>nino</strong></span> <span class='ocrx_word' id='word_1_262' title='bbox 359 2324 504 2361; x_wconf 87' lang='lat' dir='ltr'><strong>heroas</strong></span> <span class='ocrx_word' id='word_1_263' title='bbox 545 2325 768 2374; x_wconf 85' lang='lat' dir='ltr'><strong>ignorasse.</strong></span> <span class='ocrx_word' id='word_1_264' title='bbox 827 2323 987 2361; x_wconf 91' lang='lat' dir='ltr'><strong>Heroes</strong></span> <span class='ocrx_word' id='word_1_265' title='bbox 1019 2327 1153 2359; x_wconf 90' lang='lat' dir='ltr'><strong>autem</strong></span> <span class='ocrx_word' id='word_1_266' title='bbox 1187 2320 1252 2372; x_wconf 87' lang='lat' dir='ltr'><strong>qui</strong></span> <span class='ocrx_word' id='word_1_267' title='bbox 1283 2333 1373 2357; x_wconf 90' lang='lat' dir='ltr'><strong>cum</strong></span> <span class='ocrx_word' id='word_1_268' title='bbox 1403 2311 1562 2369; x_wconf 80' lang='grc' dir='ltr'><strong><em>τρόποις</em></strong></span> <span class='ocrx_word' id='word_1_269' title='bbox 1590 2329 1710 2368; x_wconf 88' lang='lat' dir='ltr'><strong>copu-</strong></span> 
     </span>
     <span class='ocr_line' id='line_1_30' title="bbox 228 2391 1711 2442; baseline -0.005 -10"><span class='ocrx_word' id='word_1_270' title='bbox 228 2395 372 2442; x_wconf 88' lang='lat' dir='ltr'><strong>lentur,</strong></span> <span class='ocrx_word' id='word_1_271' title='bbox 404 2394 490 2432; x_wconf 84' lang='lat' dir='ltr'><strong>eius</strong></span> <span class='ocrx_word' id='word_1_272' title='bbox 520 2395 580 2432; x_wconf 88' lang='lat' dir='ltr'><strong>rei</strong></span> <span class='ocrx_word' id='word_1_273' title='bbox 607 2393 798 2431; x_wconf 87' lang='lat' dir='ltr'><strong>indicium</strong></span> <span class='ocrx_word' id='word_1_274' title='bbox 826 2392 970 2432; x_wconf 82' lang='lat' dir='ltr'><strong>videor</strong></span> <span class='ocrx_word' id='word_1_275' title='bbox 998 2394 1040 2430; x_wconf 92' lang='lat' dir='ltr'><strong>in</strong></span> <span class='ocrx_word' id='word_1_276' title='bbox 1069 2393 1117 2430; x_wconf 89' lang='lat' dir='ltr'><strong>fr.</strong></span> <span class='ocrx_word' id='word_1_277' title='bbox 1149 2399 1194 2433; x_wconf 77' lang='lat'><strong>14</strong></span> <span class='ocrx_word' id='word_1_278' title='bbox 1221 2403 1464 2442; x_wconf 83' lang='lat' dir='ltr'><strong>agnoscere:</strong></span> <span class='ocrx_word' id='word_1_279' title='bbox 1496 2391 1640 2426; x_wconf 79' lang='lat' dir='ltr'><strong>Ebrius</strong></span> <span class='ocrx_word' id='word_1_280' title='bbox 1659 2399 1711 2434; x_wconf 84' lang='lat' dir='ltr'><strong>es,</strong></span> 
     </span>
     <span class='ocr_line' id='line_1_31' title="bbox 228 2450 1712 2513; baseline -0.006 -10"><span class='ocrx_word' id='word_1_281' title='bbox 228 2467 374 2511; x_wconf 82' lang='lat' dir='ltr'><strong>Marce,</strong></span> <span class='ocrx_word' id='word_1_282' title='bbox 405 2467 591 2513; x_wconf 78' lang='lat' dir='ltr'><strong>Odyssian</strong></span> <span class='ocrx_word' id='word_1_283' title='bbox 620 2467 717 2502; x_wconf 79' lang='lat' dir='ltr'><strong>enim</strong></span> <span class='ocrx_word' id='word_1_284' title='bbox 749 2466 910 2500; x_wconf 84' lang='lat' dir='ltr'><strong>Homeri</strong></span> <span class='ocrx_word' id='word_1_285' title='bbox 938 2465 1132 2501; x_wconf 82' lang='lat' dir='ltr'><strong>ruminari</strong></span> <span class='ocrx_word' id='word_1_286' title='bbox 1157 2459 1307 2510; x_wconf 57' lang='lat' dir='ltr'><strong>incipis,</strong></span> <span class='ocrx_word' id='word_1_287' title='bbox 1338 2474 1423 2499; x_wconf 83' lang='lat' dir='ltr'><strong>cum</strong></span> <span class='ocrx_word' id='word_1_288' title='bbox 1444 2456 1534 2510; x_wconf 83' lang='grc' dir='ltr'><strong><em>περὶ</em></strong></span> <span class='ocrx_word' id='word_1_289' title='bbox 1556 2450 1712 2508; x_wconf 83' lang='grc' dir='ltr'><strong><em>τρόπων</em></strong></span> 
     </span>
     <span class='ocr_line' id='line_1_32' title="bbox 229 2520 1711 2585; baseline -0.006 -11"><span class='ocrx_word' id='word_1_290' title='bbox 229 2539 464 2584; x_wconf 69' lang='lat' dir='ltr'><strong>scripturum</strong></span> <span class='ocrx_word' id='word_1_291' title='bbox 502 2541 537 2573; x_wconf 84' lang='lat' dir='ltr'><strong>te</strong></span> <span class='ocrx_word' id='word_1_292' title='bbox 570 2538 647 2573; x_wconf 82' lang='lat' dir='ltr'><strong>scio</strong></span> <span class='ocrx_word' id='word_1_293' title='bbox 680 2537 885 2583; x_wconf 54' lang='lat' dir='ltr'><strong>receperis</strong></span> <span class='ocrx_word' id='word_1_294' title='bbox 945 2534 1104 2585; x_wconf 87' lang='lat' dir='ltr'><strong>Nempe</strong></span> <span class='ocrx_word' id='word_1_295' title='bbox 1141 2520 1186 2571; x_wconf 84' lang='lat' dir='ltr'><strong>ut</strong></span> <span class='ocrx_word' id='word_1_296' title='bbox 1216 2531 1266 2569; x_wconf 87' lang='lat' dir='ltr'><strong>ab</strong></span> <span class='ocrx_word' id='word_1_297' title='bbox 1296 2531 1548 2581; x_wconf 84' lang='lat' dir='ltr'><strong>ignoratione</strong></span> <span class='ocrx_word' id='word_1_298' title='bbox 1578 2534 1711 2580; x_wconf 85' lang='lat' dir='ltr'><strong>tropo-</strong></span> 
     </span>
     <span class='ocr_line' id='line_1_33' title="bbox 229 2599 1711 2656; baseline -0.005 -11"><span class='ocrx_word' id='word_1_299' title='bbox 229 2621 316 2645; x_wconf 87' lang='lat' dir='ltr'><strong>rum</strong></span> <span class='ocrx_word' id='word_1_300' title='bbox 348 2620 392 2645; x_wconf 88' lang='lat' dir='ltr'><strong>se</strong></span> <span class='ocrx_word' id='word_1_301' title='bbox 421 2606 601 2645; x_wconf 87' lang='lat' dir='ltr'><strong>vindicat</strong></span> <span class='ocrx_word' id='word_1_302' title='bbox 629 2607 780 2652; x_wconf 87' lang='lat' dir='ltr'><strong>Varro,</strong></span> <span class='ocrx_word' id='word_1_303' title='bbox 825 2605 882 2643; x_wconf 84' lang='lat' dir='ltr'><strong>sic</strong></span> <span class='ocrx_word' id='word_1_304' title='bbox 913 2618 991 2656; x_wconf 91' lang='lat' dir='ltr'><strong>quo</strong></span> <span class='ocrx_word' id='word_1_305' title='bbox 1021 2618 1098 2642; x_wconf 89' lang='lat' dir='ltr'><strong>nec</strong></span> <span class='ocrx_word' id='word_1_306' title='bbox 1124 2604 1291 2642; x_wconf 90' lang='lat' dir='ltr'><strong>heroum</strong></span> <span class='ocrx_word' id='word_1_307' title='bbox 1320 2602 1516 2640; x_wconf 85' lang='lat' dir='ltr'><strong>rationem</strong></span> <span class='ocrx_word' id='word_1_308' title='bbox 1549 2599 1625 2638; x_wconf 90' lang='lat' dir='ltr'><strong>sibi</strong></span> <span class='ocrx_word' id='word_1_309' title='bbox 1654 2601 1711 2637; x_wconf 90' lang='lat' dir='ltr'><strong>in-</strong></span> 
     </span>
     <span class='ocr_line' id='line_1_34' title="bbox 231 2669 1711 2728; baseline -0.006 -12"><span class='ocrx_word' id='word_1_310' title='bbox 231 2679 434 2728; x_wconf 86' lang='lat' dir='ltr'><strong>cognitam</strong></span> <span class='ocrx_word' id='word_1_311' title='bbox 481 2691 571 2716; x_wconf 87' lang='lat' dir='ltr'><strong>esse</strong></span> <span class='ocrx_word' id='word_1_312' title='bbox 609 2676 792 2728; x_wconf 81' lang='lat' dir='ltr'><strong>exemplo</strong></span> <span class='ocrx_word' id='word_1_313' title='bbox 826 2675 1061 2723; x_wconf 87' lang='lat' dir='ltr'><strong>convincat,</strong></span> <span class='ocrx_word' id='word_1_314' title='bbox 1101 2675 1193 2713; x_wconf 90' lang='lat' dir='ltr'><strong>ideo</strong></span> <span class='ocrx_word' id='word_1_315' title='bbox 1223 2673 1383 2712; x_wconf 83' lang='lat' dir='ltr'><strong>delatus</strong></span> <span class='ocrx_word' id='word_1_316' title='bbox 1409 2671 1450 2708; x_wconf 94' lang='lat' dir='ltr'><strong>in</strong></span> <span class='ocrx_word' id='word_1_317' title='bbox 1483 2669 1711 2722; x_wconf 82' lang='lat' dir='ltr'><strong>Odysseam</strong></span> 
     </span>
     <span class='ocr_line' id='line_1_35' title="bbox 229 2737 1711 2797; baseline -0.007 -11"><span class='ocrx_word' id='word_1_318' title='bbox 229 2747 403 2786; x_wconf 84' lang='lat' dir='ltr'><strong>videtur.</strong></span> <span class='ocrx_word' id='word_1_319' title='bbox 462 2737 583 2786; x_wconf 86' lang='lat' dir='ltr'><strong>Enim</strong></span> <span class='ocrx_word' id='word_1_320' title='bbox 618 2760 716 2786; x_wconf 89' lang='lat' dir='ltr'><strong>vero</strong></span> <span class='ocrx_word' id='word_1_321' title='bbox 758 2745 865 2783; x_wconf 84' lang='lat' dir='ltr'><strong>hanc</strong></span> <span class='ocrx_word' id='word_1_322' title='bbox 903 2758 1061 2797; x_wconf 81' lang='grc'><strong>0111110111</strong></span> <span class='ocrx_word' id='word_1_323' title='bbox 1103 2751 1143 2784; x_wconf 90' lang='lat' dir='ltr'><strong>et</strong></span> <span class='ocrx_word' id='word_1_324' title='bbox 1172 2743 1470 2784; x_wconf 86' lang='lat' dir='ltr'><strong>accusationem</strong></span> <span class='ocrx_word' id='word_1_325' title='bbox 1502 2747 1541 2779; x_wconf 87' lang='lat' dir='ltr'><strong>et</strong></span> <span class='ocrx_word' id='word_1_326' title='bbox 1572 2740 1711 2778; x_wconf 86' lang='lat' dir='ltr'><strong>defen-</strong></span> 
     </span>
     <span class='ocr_line' id='line_1_36' title="bbox 231 2809 1712 2871; baseline -0.003 -16"><span class='ocrx_word' id='word_1_327' title='bbox 231 2819 384 2858; x_wconf 87' lang='lat' dir='ltr'><strong>sionem</strong></span> <span class='ocrx_word' id='word_1_328' title='bbox 421 2819 603 2871; x_wconf 85' lang='lat' dir='ltr'><strong>suspicor</strong></span> <span class='ocrx_word' id='word_1_329' title='bbox 632 2817 684 2856; x_wconf 85' lang='lat' dir='ltr'><strong>ad</strong></span> <span class='ocrx_word' id='word_1_330' title='bbox 714 2821 966 2858; x_wconf 69' lang='lat' dir='ltr'><strong>Snsomumxffl</strong></span> <span class='ocrx_word' id='word_1_331' title='bbox 994 2815 1218 2867; x_wconf 83' lang='lat' dir='ltr'><strong>pertinere,</strong></span> <span class='ocrx_word' id='word_1_332' title='bbox 1264 2827 1368 2867; x_wconf 89' lang='lat' dir='ltr'><strong>quae</strong></span> <span class='ocrx_word' id='word_1_333' title='bbox 1398 2817 1536 2852; x_wconf 82' lang='lat' dir='ltr'><strong>satura</strong></span> <span class='ocrx_word' id='word_1_334' title='bbox 1564 2809 1631 2848; x_wconf 84' lang='lat' dir='ltr'><strong>vel</strong></span> <span class='ocrx_word' id='word_1_335' title='bbox 1663 2821 1712 2847; x_wconf 80' lang='lat' dir='ltr'><strong>ex</strong></span> 
     </span>
     <span class='ocr_line' id='line_1_37' title="bbox 232 2880 1710 2941; baseline -0.007 -14"><span class='ocrx_word' id='word_1_336' title='bbox 232 2903 280 2926; x_wconf 85' lang='lat' dir='ltr'><strong>ea</strong></span> <span class='ocrx_word' id='word_1_337' title='bbox 304 2903 426 2941; x_wconf 87' lang='lat' dir='ltr'><strong>quam</strong></span> <span class='ocrx_word' id='word_1_338' title='bbox 455 2901 646 2940; x_wconf 87' lang='lat' dir='ltr'><strong>reparare</strong></span> <span class='ocrx_word' id='word_1_339' title='bbox 677 2887 900 2926; x_wconf 83' lang='lat' dir='ltr'><strong>studuimus</strong></span> <span class='ocrx_word' id='word_1_340' title='bbox 931 2887 1070 2939; x_wconf 89' lang='lat' dir='ltr'><strong>specie</strong></span> <span class='ocrx_word' id='word_1_341' title='bbox 1102 2890 1273 2937; x_wconf 80' lang='lat' dir='ltr'><strong>apparet</strong></span> <span class='ocrx_word' id='word_1_342' title='bbox 1305 2897 1424 2937; x_wconf 88' lang='lat' dir='ltr'><strong>quam</strong></span> <span class='ocrx_word' id='word_1_343' title='bbox 1454 2881 1575 2920; x_wconf 83' lang='lat' dir='ltr'><strong>facile</strong></span> <span class='ocrx_word' id='word_1_344' title='bbox 1599 2880 1710 2918; x_wconf 87' lang='lat' dir='ltr'><strong>fasti-</strong></span> 
     </span>
     <span class='ocr_line' id='line_1_38' title="bbox 231 2951 1710 3010; baseline -0.005 -14"><span class='ocrx_word' id='word_1_345' title='bbox 231 2958 395 2996; x_wconf 89' lang='lat' dir='ltr'><strong>diosiori</strong></span> <span class='ocrx_word' id='word_1_346' title='bbox 432 2958 606 3010; x_wconf 86' lang='lat' dir='ltr'><strong>potuerit</strong></span> <span class='ocrx_word' id='word_1_347' title='bbox 643 2957 837 3009; x_wconf 83' lang='lat' dir='ltr'><strong>arguendi</strong></span> <span class='ocrx_word' id='word_1_348' title='bbox 880 2963 920 2996; x_wconf 89' lang='lat' dir='ltr'><strong>et</strong></span> <span class='ocrx_word' id='word_1_349' title='bbox 958 2956 1218 2996; x_wconf 85' lang='lat' dir='ltr'><strong>insimulandi</strong></span> <span class='ocrx_word' id='word_1_350' title='bbox 1254 2954 1460 2992; x_wconf 83' lang='lat' dir='ltr'><strong>materiam</strong></span> <span class='ocrx_word' id='word_1_351' title='bbox 1499 2951 1710 3003; x_wconf 85' lang='lat' dir='ltr'><strong>praebere.</strong></span> 
     </span>
    </p>
   </div>
  </div>
 </body>
</html>
