1898 3236
0 0 260 114 Γ
296 123 300 126 ,

0 233 16 287 i
802 234 1150 279 comiacrum.
1634 234 1723 276 119

224 357 408 411 reliquiis
449 355 684 408 copuletur,
726 353 890 394 obstare
920 353 1111 392 videatur
1140 352 1266 392 alicui
1295 351 1471 390 adversa
1500 350 1722 391 sententia-

225 443 312 468 rum
340 428 528 467 affinitati
560 427 857 467 enuntiatorum
884 425 1164 472 conformatio,
1197 436 1302 477 quae
1331 423 1374 461 in
1399 422 1471 461 illo
1493 421 1723 471 fragmento

0 455 5 535 i
225 505 356 548 recta,
395 500 438 538 in
474 478 710 542 Sssoufuums
742 497 925 549 reliquiis
965 501 1028 535 est
1054 494 1232 547 obliqua.
1284 495 1464 534 Praesto
1493 497 1631 530 tamen
1661 497 1723 530 est

226 585 347 610 unum
379 569 430 609 de
463 569 528 620 bis
565 569 748 622 reliquiis
785 567 1037 619 exemplum,
1077 579 1155 619 quo
1193 565 1389 618 probetur
1421 564 1588 603 licuisse
1617 563 1719 602 Var-

226 642 313 681 roni
339 642 445 680 intra
472 642 589 680 unius
601 639 758 693 §paullo
788 637 1019 690 prolixioris
1041 636 1414 690 comprehensionis
1437 635 1539 674 fines
1566 648 1588 674 e
1608 640 1723 673 recta

225 713 406 752 oratione
437 711 656 764 deflectere
683 713 726 751 in
754 710 964 763 obliquam
994 708 1062 748 vel
1088 709 1278 747 invicem.
1325 706 1376 744 In
1402 709 1591 743 Ssxmnsst
1618 704 1724 743 enim

226 797 317 823 cum
354 784 484 823 Varro
502 769 511 772 ’
530 782 582 821 de
617 795 662 821 se
698 782 869 838 incipiat
912 793 1079 820 narrare
1108 780 1159 822 fr.
1192 787 1210 820 1
1264 779 1313 816 Se
1348 780 1621 825 circumspecte
1665 781 1722 825 ας-

225 867 298 904 que
327 857 535 907 invenisse,
573 866 659 891 cum
691 855 859 892 dormire
888 855 1074 900 coepisset
1104 858 1180 890 tam
1196 895 1198 897 ¹
1212 852 1377 900 ylaber‚·
1393 861 1509 897 quam
1541 848 1722 885 Socrates

224 929 366 970 calvus,
397 937 438 974 se
466 935 549 962 esse
576 925 726 972 factum
759 927 918 962 ericium
949 935 970 961 e
993 926 1087 972 pilis
1118 925 1215 962 albis
1243 934 1328 960 cum
1355 921 1598 969 proboscide,
1628 931 1721 969 per·-

225 996 326 1035 texit
356 994 506 1034 deinde
532 1002 687 1034 rectam
717 996 940 1034 orationem
971 996 1021 1034 fr.
1052 1001 1094 1035 2:
1127 996 1289 1033 Romam
1319 1002 1521 1042 reyressus
1548 991 1602 1027 ibi
1627 990 1725 1026 nihil

223 1065 382 1126 (fiendi,
413 1069 516 1115 quod
535 1073 623 1104 ante
645 1078 768 1105 annos
787 1069 1078 1116 quinquaqinta,
1106 1080 1193 1105 cum
1215 1068 1387 1115 primum
1411 1064 1580 1101 dormire
1600 1063 1721 1109 coepi,

223 1141 373 1187 reliqui,
403 1143 444 1176 et
473 1138 531 1176 sic
560 1137 754 1190 deinceps
784 1139 954 1192 reliqua.
1004 1137 1246 1184 Adiiciatur,
1278 1135 1420 1188 quoin
1439 1133 1509 1171 illo
1531 1131 1719 1184 exemplo

224 1209 398 1248 variatio
438 1214 666 1248 structurae
707 1216 942 1259 excusetur,
986 1217 1069 1249 non
1105 1205 1286 1262 potuisse
1324 1205 1468 1245 eodem
1506 1217 1586 1256 quo
1624 1203 1721 1255 Epi-

226 1294 344 1319 curus
377 1281 551 1333 compito
582 1281 806 1319 collocatus
843 1282 896 1320 sit
930 1279 1186 1326 Carneadem
1215 1283 1256 1317 et
1283 1278 1490 1317 Zenonem
1518 1280 1719 1314 constare.

207 1352 426 1404 ·Epicurus
465 1351 571 1389 enim
614 1364 706 1390 cum
745 1365 859 1391 suam
890 1352 942 1391 de
975 1365 1130 1403 summo
1164 1350 1271 1390 bono
1302 1349 1545 1389 sententiam
1576 1347 1718 1398 volup-

224 1428 309 1462 tate
338 1423 426 1474 regi
457 1421 675 1471 voluisset,
706 1423 862 1462 Zenoni
893 1430 934 1462 et
967 1422 1170 1463 Carneadi
1202 1420 1424 1460 communis
1455 1425 1543 1458 erat
1570 1419 1717 1471 primo-

224 1508 312 1532 rum
355 1499 527 1533 naturae
567 1498 800 1544 respectus,
843 1494 1043 1534 dissensio
1078 1507 1129 1533 ea
1162 1493 1319 1531 ratione
1357 1489 1592 1538 constabat,
1640 1503 1720 1542 qua

168 1608 174 1613 ¹
224 1566 354 1617 prima
382 1570 552 1604 naturae
589 1569 666 1602 aut
687 1564 889 1616 praeferri
921 1573 991 1605 aut
1018 1565 1137 1605 subdi
1164 1564 1336 1602 honesto
1365 1560 1574 1599 volebant.
1634 1561 1716 1600 Ne-

226 1649 305 1689 que
331 1636 375 1674 id
404 1635 523 1674 nimis
553 1647 692 1685 urgeo,
719 1636 829 1688 quod
856 1637 899 1675 in
921 1637 993 1676 illo
1024 1632 1199 1689 compito
1222 1634 1404 1679 dextera,
1429 1633 1604 1680 sinistra,
1635 1645 1717 1670 me-

227 1708 307 1755 dia,
337 1693 379 1746 in
408 1708 486 1747 hoc
514 1719 607 1754 una,
637 1705 780 1755 altera,
809 1708 931 1746 tertia
957 1708 1051 1746 viae
1078 1705 1271 1757 distingui
1301 1703 1530 1742 videantur·
1589 1703 1717 1745 Immo

223 1779 405 1831 potuisse
435 1791 504 1817 eas
533 1777 727 1830 reliquias
750 1778 845 1817 olim
873 1778 1011 1831 aliquo
1042 1778 1162 1817 modo
1193 1789 1371 1816 conexas
1397 1774 1524 1813 fuisse
1546 1787 1627 1812 non
1647 1773 1716 1812 de-

188 1846 195 1853 '
222 1862 342 1900 nego,
360 1860 605 1902 quamquam
624 1849 683 1887 ita
697 1862 779 1888 non
796 1853 955 1904 coe'unt,
978 1856 1023 1888 ut
1039 1850 1155 1902 quasi
1172 1854 1310 1888 mutuo
1328 1845 1509 1911 copulari
1523 1845 1715 1896 gestiant

223 1919 282 1958 At
298 1933 396 1958 vero
419 1918 610 1958 abhorret
638 1933 663 1957 a
691 1933 802 1958 more
822 1920 1019 1969 Varronis
1041 1925 1206 1959 saturae
1230 1918 1468 1971 simpliciter
1489 1905 1573 1954 tale
1595 1914 1716 1967 quale

222 1990 301 2029 hoc
321 1996 384 2029 est
405 1987 497 2042 περὶ
517 1987 704 2042 αιρέσεων
724 1983 960 2039 inscribere,
982 2004 1059 2030 nec
1078 1992 1206 2042 magis
1222 1989 1407 2041 congruit
1421 1987 1603 2027 eiusdem
1622 1999 1716 2025 con-

223 2055 430 2101 suetudini
459 2075 569 2100 mero
597 2061 760 2100 nomine
786 2062 907 2113 quale
938 2067 1000 2100 est
1025 2061 1307 2114 Sesquiulixes
1335 2059 1516 2108 defungi.
1578 2056 1716 2108 Quare

225 2132 322 2185 quid
359 2132 612 2185 probabilius
648 2146 770 2185 quam
804 2132 867 2171 his
906 2132 1193 2183 conglutinatis
1230 2132 1430 2180 integram
1461 2142 1483 2167 e
1509 2129 1592 2167 suis
1621 2142 1713 2180 par·

225 2203 333 2242 tibus
363 2204 668 2255 inscriptionem
704 2210 744 2242 et
771 2217 893 2242 unam
918 2210 1098 2242 saturam
1120 2215 1142 2240 e
1170 2199 1326 2239 duabus
1357 2199 1586 2250 refingere?
1625 2212 1716 2238 cum

224 2274 465 2326 praesertim
499 2271 667 2326 αἱρέσεις
696 2279 894 2312 tractatas
930 2286 1020 2312 esse
1052 2273 1099 2325 in
1137 2269 1397 2322 Sesquiulixe
1429 2270 1628 2323 reliquiae
1655 2270 1715 2308 in·

227 2344 376 2383 dicent.
439 2331 716 2383 Concederem
756 2344 850 2402 huic
878 2342 1177 2382 ratiocinationi
1206 2354 1287 2379 non
1317 2340 1463 2380 deesse
1493 2340 1712 2394 probabili-

225 2422 373 2462 tatem,
402 2414 522 2453 modo
557 2417 704 2454 certior
733 2420 843 2454 esset
871 2428 921 2453 ea
954 2416 1104 2463 omnis,
1140 2426 1260 2466 quam
1287 2412 1538 2452 Mercklinus
1576 2426 1714 2464 perse-

227 2493 342 2525 cutus
368 2492 448 2533 est,
479 2486 684 2525 titulorum
706 2486 1047 2526 Varronianorum
1062 2493 1237 2525 norma:
1268 2498 1375 2538 quae
1399 2484 1544 2537 quibus
1574 2483 1714 2522 etiam-

226 2571 334 2597 nunc
371 2557 545 2596 obnoxia
580 2558 631 2595 sit
669 2555 1007 2605 dubitationibus,
1048 2571 1101 2596 ne
1131 2570 1238 2596 nunc
1266 2556 1384 2594 huius
1411 2559 1573 2593 saturae
1589 2567 1714 2606 ⁴enar-

226 2629 328 2668 ratio
354 2620 568 2666 immodice
588 2626 914 2678 interrumpatur,
937 2628 1099 2680 plenius
1122 2640 1170 2666 ac
1192 2618 1332 2666 dedita
1349 2638 1474 2678 opera
1494 2620 1602 2664 infra
1623 2639 1713 2677 pro-

227 2700 345 2739 babo.
411 2699 531 2738 Nune
567 2695 684 2734 nobis
717 2697 826 2736 illins
860 2698 1077 2749 fragmenti
1108 2706 1126 2739 1
1159 2702 1252 2734 Περι
1279 2703 1460 2738 Anpscrws
1493 2710 1575 2734 non
1611 2696 1715 2734 alius

227 2771 280 2809 ad
308 2771 415 2809 hanc
442 2773 621 2807 saturam
648 2755 746 2806 usus
776 2781 867 2807 esse
891 2774 1040 2820 potest,
1073 2782 1192 2821 quam
1221 2774 1266 2806 ut
1294 2773 1428 2807 mente
1454 2767 1715 2818 suppleamus

228 2855 317 2880 eam
348 2839 631 2892 disputationis
660 2844 837 2891 partem,
877 2839 986 2878 unde
1023 2845 1241 2893 supersunt
1268 2839 1366 2889 illae
1396 2838 1447 2877 de
1478 2839 1643 2877 Zenone
1673 2843 1714 2877 et

227 2910 442 2951 Carneade
473 2910 684 2963 reliquiae.
732 2909 926 2961 Suspicor
950 2896 1086 2949 autem
1107 2909 1218 2950 hunc
1245 2909 1296 2948 de
1315 2908 1714 2961 philosophiaprae·
