1898 3236
261 223 286 264 2
826 229 1167 264 CONIECTANEA.

258 339 405 378 liberet
439 338 630 390 reliquias
670 351 739 385 e0,
787 351 906 390 quem
943 338 1156 390 pristinum
1194 350 1285 376 esse
1325 337 1555 386 divinabat,
1594 338 1734 377 ordine

259 407 534 460 perscribere:
574 408 690 456 mihi,
731 408 823 446 dum
853 413 1112 446 monstratam
1141 407 1191 447 ab
1221 408 1291 446 illo
1321 409 1428 447 viam
1453 409 1662 459 persequi,
1701 409 1736 447 si

258 485 415 532 potem,
447 479 602 516 animus
623 483 696 526 est,
724 478 843 516 aliam
867 478 1149 516 tractationem
1169 479 1249 518 alia
1271 479 1387 518 huius
1406 478 1534 517 libelli
1552 477 1735 516 condicio

260 549 416 588 suadet.
476 549 581 587 Nam
611 555 651 587 et
682 562 845 597 causas,
887 548 1033 602 quibus
1063 563 1153 588 mea
1183 555 1392 601 regeretur
1423 548 1654 601 dispositio,
1684 561 1736 586 ne
1768 537 1773 541 ”

256 620 458 659 inauditus
496 619 729 667 damnarer,
769 618 984 671 explicari,
1026 626 1066 658 et
1097 634 1207 669 eam,
1249 633 1353 672 quae
1381 633 1461 658 non
1489 631 1579 657 raro
1606 618 1737 656 iustae

260 691 512 743 dispositioni
547 690 655 729 viam
691 690 869 742 aperuit,
911 690 1151 730 emendandi
1187 704 1351 742 operam
1387 689 1550 728 uberius
1587 689 1737 727 firmari

260 761 490 814 oportebat:
533 761 575 799 in
609 774 686 813 quo
724 761 861 799 nescio
900 775 994 799 num
1029 762 1192 814 saepius
1233 761 1441 801 debuerim
1482 759 1735 799 librariorum

261 832 410 870 delicta
439 831 659 882 corrigere,
700 845 819 884 quam
853 831 967 870 irrita
997 837 1037 870 et
1067 845 1091 870 a
1118 835 1245 884 pravo
1274 831 1590 882 fragmentorum
1618 829 1735 868 intel-

258 903 367 942 lectu
398 902 568 941 oriunda
606 902 834 940 criticorum
869 902 1079 940 conamina
1108 901 1321 954 repellere.
1383 901 1572 941 Criticam
1603 905 1735 938 autem

259 986 348 1012 cum
373 974 613 1026 praesertim
641 973 710 1020 iis,
742 985 910 1025 quarum
935 978 1173 1023 argumenta
1204 971 1415 1019 eruebam,
1448 971 1593 1008 saturis
1624 969 1736 1008 adhi-

257 1043 420 1092 berem,
460 1043 570 1082 nolui
606 1042 743 1089 simul,
790 1055 894 1094 quae
931 1044 1093 1096 saepius
1133 1041 1398 1090 obveniebat,
1445 1041 1533 1079 aliis
1569 1040 1736 1079 aliarum

259 1119 485 1153 saturarum
514 1113 694 1166 reliquiis
724 1112 923 1152 medelam
954 1114 1148 1153 afferendi
1176 1112 1516 1166 opportunitatem
1540 1111 1735 1150 devitare.

258 1184 347 1223 Ne‘c
379 1183 572 1231 decebat,
618 1197 695 1236 quo
733 1184 902 1234 insignis
939 1184 1079 1224 horum
1117 1182 1402 1236 opusculorum
1438 1181 1544 1220 nitor
1584 1185 1624 1220 et
1654 1180 1734 1219 ele-

258 1254 396 1305 gantia
434 1254 638 1301 consistit,
677 1255 887 1293 metricum
921 1268 1049 1306 genus
1086 1255 1290 1294 omittere:
1338 1253 1380 1290 in
1413 1265 1491 1304 quo
1523 1265 1612 1290 cum
1644 1256 1736 1303 post

259 1324 535 1363 admirabilem
555 1324 720 1376 Iosephi
741 1324 938 1374 Scaligeri
958 1325 1178 1364 sollertiam
1194 1322 1442 1363 Ritschelius
1455 1352 1464 1370 ,
1490 1322 1734 1369 Meinekiurs,

258 1395 542 1435 Lachmannus
580 1393 709 1433 obiter
746 1394 819 1433 sed
854 1396 1063 1446 praeclare
1093 1395 1245 1435 versati
1275 1395 1374 1441 sint,
1420 1405 1466 1431 ac
1495 1405 1624 1444 nuper
1653 1391 1734 1430 Ad.

258 1466 440 1504 Kochius
469 1470 509 1504 et
531 1465 609 1503 Th.
630 1465 842 1516 Roeperus
871 1465 1008 1505 dedita
1032 1479 1156 1518 opera
1180 1464 1443 1511 elaborarint‚
1482 1468 1618 1502 tamen
1643 1475 1735 1501 con-

258 1537 349 1587 tigit
371 1536 488 1583 mihi,
526 1541 570 1574 ut
598 1548 678 1573 non
706 1540 828 1573 tenue
856 1549 1130 1583 numerorum,
1170 1535 1238 1587 qui
1266 1533 1398 1573 adhuc
1428 1531 1736 1580 delitescebant,

261 1606 515 1659 spicilegium
545 1606 742 1645 facerem:
785 1618 1028 1657 quamquam
1055 1619 1135 1644 non
1166 1605 1279 1657 potui
1306 1618 1387 1643 non
1417 1603 1537 1643 simul
1574 1603 1624 1642 de
1654 1602 1737 1641 col·
1782 1632 1785 1634 -

258 1678 368 1716 lecta
398 1677 448 1716 ab
471 1677 560 1716 aliis
582 1689 715 1717 messe
739 1683 896 1730 partem
923 1690 1061 1716 rursus
1089 1676 1273 1715 demere:
1304 1675 1374 1726 qui
1401 1687 1534 1726 neque
1558 1673 1735 1721 nimiam,

261 1749 327 1786 cui
353 1747 534 1786 nonnulli
560 1746 832 1796 indulserunt,
866 1746 1135 1787 commutandi
1163 1746 1368 1786 licentiam
1390 1744 1632 1797 approbem,
1665 1757 1734 1782 ne—

260 1832 338 1870 que
375 1819 534 1857 omnino
570 1819 788 1871 Menippeo
819 1819 993 1859 Varroni
1031 1816 1275 1856 multiforme
1311 1827 1536 1855 sermonem
1569 1804 1735 1852 intextis

260 1888 501 1927 carminibus
522 1889 795 1941 distinguendi
821 1890 1032 1929 artificium
1053 1888 1279 1927 fucatorum
1299 1899 1489 1926 versuum
1510 1885 1733 1924 simulacris

259 1960 359 2011 eripi
385 1961 528 2012 patiar.
