1898 3236
762 242 1104 276 comenses.
1452 232 1457 236 ”
1597 232 1680 274 219

122 398 125 401 ,
190 355 373 403 furcillas
402 354 550 391 reducit
578 353 819 406 hibernatum
851 352 892 388 in
923 355 1032 388 tecta.
1092 347 1210 387 Idem
1227 348 1294 387 de
1320 348 1407 387 vita
1434 348 1573 400 populi
1590 349 1679 387 Ro-

194 425 301 463 mani
338 423 447 476 apud
476 423 653 462 Nonium
678 424 835 474 1³:245,
869 425 913 461 14
953 421 1098 458 Caesar
1129 421 1347 474 reversione
1372 420 1487 467 fecit,
1523 431 1571 458 ne
1594 424 1682 468 post

193 497 407 544 occipitium
434 498 474 532 in
505 494 700 541 Hispania
724 493 923 529 exercitus
951 492 1019 539 qui
1041 496 1166 537 erant,
1197 492 1471 539 relinquerent.
1520 492 1576 530 Et
1604 490 1682 529 Ca-

194 565 298 604 tonis
334 564 586 604 notissimum
614 561 736 601 illud:
780 563 909 598 Frons
938 563 1111 608 occipitio
1139 563 1251 609 prior
1279 566 1353 607 est,
1385 560 1436 599 de
1462 574 1506 600 re
1531 562 1685 600 rustica

193 642 228 677 4.
274 636 405 687 Igitur
430 635 508 674 hoc
534 620 632 673 dicit
659 632 752 679 ille,
785 637 955 684 accepto
985 631 1152 670 oraculo
1189 643 1233 669 se
1264 636 1423 682 tergum
1439 615 1683 670 '‘obvertisse

194 706 272 746 deo
309 707 434 746 arduo
448 737 457 754 ‚
506 705 619 744 euius
663 708 841 742 mentem
878 715 953 755 per
981 701 1172 741 tenebras
1203 707 1244 740 et
1273 701 1578 753 ambiguitatem
1603 715 1686 741 non

196 778 363 829 ceperit.
423 777 562 830 Atque
597 766 662 813 his
697 773 861 827 quidem
902 772 1111 811 commode
1150 771 1353 810 adduntur
1382 784 1435 811 ex
1464 765 1595 819 oraclo
1619 775 1686 810 eli·

196 851 296 886 mino
321 860 399 886 me:
435 850 635 887 oraculum
673 846 779 885 enim
807 844 906 883 dicit
929 843 1063 882 locum
1091 844 1223 901 ipsum
1253 843 1323 882 ubi
1353 843 1420 882 dei
1447 856 1686 894 responsum

195 918 299 957 tulit.
358 918 416 957 Ut
451 919 531 956 iam
568 931 651 956 non
689 917 761 964 sit,
800 914 910 967 quod
937 914 1006 952 vel
1036 912 1204 954 Oehleri
1234 915 1508 971 coniecturam
1536 926 1589 955 ex
1614 927 1686 952 ora

194 991 293 1027 clam
329 987 398 1027 vel
439 988 651 1040 probatam
688 986 908 1027 Gerlaohio
943 985 1165 1024 Beruensis
1204 986 1444 1038 scripturam
1483 989 1685 1025 exoranda

196 1060 459 1098 asciscamus.

309 1130 430 1170 Addo
460 1130 622 1169 tertiam
652 1142 675 1168 e
694 1134 899 1167 Mnemon
916 1126 1196 1179 depromptam
1211 1126 1549 1167 emendationem.
1585 1129 1686 1168 Sex-

146 1249 154 1256 ·
196 1207 281 1240 tum
310 1202 417 1241 enim
445 1202 530 1240 eius
556 1206 717 1240 saturae
741 1200 1014 1251 fragmentum
1047 1197 1250 1247 thlerus
1289 1198 1349 1236 ita
1381 1198 1688 1250 exprimendum

199 1274 375 1312 curavit:
402 1274 477 1319 Qui
489 1274 582 1320 quid
594 1274 788 1309 evidenter
808 1267 1058 1310 circumstant
1077 1281 1153 1307 non
1167 1271 1255 1308 item
1273 1271 1388 1307 credo
1409 1272 1559 1308 videre.-
1576 1271 1687 1308 hian-

197 1342 245 1382 tis
271 1347 388 1390 video,
421 1345 580 1382 videntis
598 1349 677 1380 nori
692 1345 810 1381 video.
860 1341 995 1393 Quam
1020 1338 1184 1392 quidem
1201 1341 1476 1380 coniecturam
1495 1354 1576 1383 non
1596 1340 1686 1379 feli-

147 1425 150 1427 *
199 1415 349 1453 ciorem
376 1419 473 1466 puto
504 1402 694 1466 reliquis,
733 1426 839 1465 quae
873 1411 1058 1465 prolatae
1088 1396 1189 1449 'sunt
1228 1411 1471 1463 complures.
1531 1413 1688 1452 Nonius

197 1499 238 1537 p.
259 1491 348 1533 318,
370 1490 413 1526 31
442 1484 500 1523 ita
528 1483 688 1523 scribit:
720 1484 879 1522 ‘Hiare’
908 1485 1065 1528 mirari,
1091 1488 1247 1531 stupere
1268 1504 1325 1510 ——
1344 1504 1401 1510 —
1438 1484 1563 1534 Varro
1579 1484 1690 1521 Mar-

197 1550 354 1604 cipere?
379 1557 586 1606 ‘quicquid
608 1558 802 1593 evidenter
833 1554 996 1602 (evident
1023 1559 1060 1591 et
1088 1552 1231 1606 Bern.)
1261 1557 1513 1593 circumstant
1537 1566 1612 1592 non
1636 1556 1690 1591 ri-

188 1619 288 1666 dent
321 1631 436 1666 credo
471 1630 599 1666 ridere
635 1628 779 1664 hiantis
816 1628 946 1664 videor
978 1626 1121 1663 hiantis
1161 1626 1354 1672 (bidentes
1381 1624 1498 1663 Leid.
1529 1623 1687 1663 Genev.

200 1699 341 1751 Bern.)
391 1712 467 1738 non
505 1701 628 1737 audeo
667 1699 798 1745 (audio
831 1695 982 1748 Leid.).
1041 1695 1258 1748 Apponam
1294 1695 1689 1749 breviter-‘superio-

199 1783 288 1808 rum
313 1769 557 1808 emendandi
586 1769 811 1807 conamina.
864 1767 939 1806 Sic
966 1766 1104 1806 Faber
1133 1766 1241 1818 apud
1262 1766 1490 1805 Mercerum
1510 1766 1688 1820 putavit:

200 1842 651 1888 quicumque-evidenter
679 1835 934 1878 circumstant
953 1850 1042 1884 nos,
1083 1839 1209 1876 rident
1238 1840 1354 1876 credo
1383 1840 1512 1875 ridere
1541 1839 1692 1876 hiantes

200 1914 327 1958 video,
357 1913 526 1950 ridentes
553 1912 795 1948 nonaudio:
827 1924 935 1964 quae
957 1911 1016 1948 ita
1034 1892 1251 1948 Me'r‘eerus
1267 1907 1467 1959 explicat:
1499 1907 1690 1947 eduorum

200 1995 331 2020 sermo
359 1987 435 2029 est,
466 1979 700 2033 posterioris
729 1980 860 2019 surdi:
892 1981 962 2033 qui
994 1978 1234 2018 diducentes
1262 1977 1380 2016 labra
1409 1978 1537 2027 videt,
1567 1979 1690 2017 risum

200 2052 340 2091 audire
377 2066 459 2091 non
494 2051 660 2103 potest?
729 2050 769 2088 A
806 2050 951 2103 quibus
991 2053 1074 2088 non
1108 2047 1277 2086 multum
1319 2048 1475 2088 abludit
1509 2051 1690 2102 Popmae

201 2128 488 2161 commentum:
534 2123 720 2170 quidquid
754 2133 787 2159 e.
825 2134 882 2166 c.‚
921 2134 996 2159 non
1035 2123 1179 2165 vident,
1218 2120 1339 2158 Credo
1368 2134 1405 2157 ·r.
1437 2122 1608 2159 hiantes.-
1638 2123 1690 2159 vi-

200 2195 270 2231 deo
309 2194 480 2237 hiantes,
532 2205 607 2230 non
650 2195 776 2230 audio.
853 2191 1046 2244 Denique
1091 2188 1336 2230 Gerlachius
1378 2190 1570 2237 accessit,
1621 2191 1691 2242 qui

199 2246 321 2311 haec,
372 2267 578 2313 tamquam
624 2275 648 2300 a
696 2261 869 2300 diversis
908 2261 1092 2313 personis
1127 2260 1258 2309 dicta,
1305 2261 1530 2301 Varronem
1566 2262 1690 2313 scrip·

202 2333 303 2370 sisse
343 2331 419 2370 sibi
456 2320 676 2383 persuasit,
713 2332 855 2384 opinor
892 2332 970 2372 sibi
1004 2333 1102 2372 soli:
1141 2334 1276 2380 quiqui
1309 2332 1388 2379 (sie
1416 2332 1589 2371 Rothius
1618 2346 1692 2384 pro

202 2405 396 2452 quicquid)
426 2390 676 2440 circumstant
705 2399 794 2448 nos,
827 2406 1020 2442 evidenter
1047 2406 1174 2442 rident
1202 2433 1209 2440 .
1243 2433 1251 2440 .
1281 2406 1396 2442 credo
1426 2405 1555 2441 ridere
1581 2404 1691 2441 hian-

202 2479 258 2510 tes
286 2484 294 2510 .·
326 2502 333 2509 .
362 2474 512 2510 hiantes
541 2475 659 2519 video,
682 2486 757 2511 non
777 2477 902 2512 audio.
942 2473 1237 2525 Oorrigendum
1255 2479 1361 2512 erat:
1389 2477 1457 2523 qui
1469 2477 1619 2523 quidem
1639 2477 1691 2512 vi·

203 2547 334 2581 dentes
353 2546 616 2589 circumstant,
638 2556 713 2581 non
735 2547 862 2582 rident
881 2546 996 2582 credo
1008 2561 1020 2581 .-
1051 2533 1178 2584 videre
1198 2547 1341 2584 hiantis
1360 2548 1501 2591 videor,
1523 2548 1692 2584 ridentes

203 2627 278 2652 non
318 2617 440 2653 audeo
467 2636 541 2652 —.
601 2613 719 2665 Quae
757 2614 920 2667 quidem
950 2617 1154 2655 sententia
1186 2628 1260 2667 per
1288 2628 1333 2653 se
1356 2615 1492 2667 plana,
1529 2621 1575 2653 ut
1605 2616 1690 2668 opi-

203 2697 297 2731 nor,
345 2696 423 2736 quo
474 2682 633 2734 integra
676 2685 746 2732 sit,
790 2698 897 2737 pone
942 2689 1064 2725 audeo
1102 2685 1383 2724 asciscendum
1414 2685 1583 2724 verbum
1623 2699 1691 2724 ve-

202 2754 263 2793 lut
298 2758 467 2804 coyitare
513 2754 581 2793 vel
615 2758 741 2794 animo
777 2757 1003 2804 informare.
1075 2756 1235 2808 Nempe
1272 2756 1330 2794 sic
1366 2757 1518 2804 sentio,
1551 2757 1691 2795 neseio

205 2838 325 2876 quem
355 2825 423 2877 qui
451 2824 503 2863 de
528 2825 724 2864 miraculo
755 2826 931 2879 quodam
959 2833 1208 2875 narraverat,
1237 2826 1485 2866 auditoribus
1515 2840 1615 2879 quos
1639 2827 1691 2865 ri-

204 2894 348 2934 dentes
387 2895 438 2934 de
469 2892 590 2946 nugis
615 2896 704 2935 istis
730 2895 919 2945 videbat,
958 2897 1062 2937 haec
1093 2898 1265 2938 dixisse:
1302 2912 1375 2938 vos
1404 2898 1565 2946 ridetis,
1598 2898 1691 2937 dum
