1898 3236
797 274 1138 305 conmerANEA.
1346 277 1353 282 ·
1661 268 1715 308 85

225 380 379 419 tentiae
414 378 606 418 arbitror:
646 379 754 432 quod
786 379 949 432 quidem
975 380 1138 431 Lipsius
1168 380 1322 431 tetigit,
1361 378 1431 433 qui
1461 382 1502 419 in
1537 383 1714 434 antiquis

224 450 466 489 lectionibus
494 449 515 488 I
557 457 600 492 18
626 450 685 488 ita
713 449 847 488 locum
883 449 1024 488 scribit
1048 456 1089 488 et
1120 440 1302 490 enarrat:
1353 454 1465 500 siyrea
1492 457 1570 490 tum
1597 466 1715 491 sacra

225 535 307 562 esse
340 525 556 567 desierunt,
587 527 842 569 posteaquam
873 522 1043 559 homines
1079 526 1171 558 sunt
1206 522 1317 570 facti.
1378 520 1445 560 ‘Id
1475 529 1558 561 est:
1599 523 1715 573 signa

226 608 299 632 seu
329 598 488 633 statuae
518 590 684 630 deorum
707 590 913 629 desierunt
939 589 1072 628 videri
1102 604 1220 629 sacra
1249 592 1336 639 sive
1365 591 1571 643 religiosa,
1603 599 1713 644 post-

227 677 346 716 quam
382 663 564 701 homines
597 661 696 699 facti
734 666 828 698 sunt
863 661 991 708 sacri,
1029 660 1072 699 id
1110 668 1173 700 est
1213 662 1407 701 scelesti.⁹
1468 661 1549 714 Qui
1579 669 1716 702 tamen

228 734 376 773 erravit
412 733 454 771 in
485 745 556 779 eo,
595 730 703 783 quod
737 730 916 778 noluisse
953 734 1061 770 sacri
1091 745 1235 770 vocem
1272 733 1313 771 in
1343 733 1423 771 fine
1450 731 1629 771 additam
1656 734 1714 772 vi-

226 805 362 851 detur,
399 817 520 855 quam
555 806 597 839 et
633 791 758 838 Nonii
789 801 935 840 lemma
966 807 1007 840 et
1039 802 1169 853 ipsum
1199 803 1307 855 quod
1332 809 1593 855 persenserat
1623 817 1715 842 acu-

225 887 316 913 men
348 873 531 926 requirit.
591 872 681 910 Nec
710 871 813 910 illud
841 856 1044 924 approbo,
1076 872 1184 924 quod
1210 876 1321 923 signa
1349 879 1428 912 tum
1454 872 1614 912 scribit:
1645 874 1715 913 ha-

225 944 322 983 bent
358 945 465 983 enim
491 934 629 982 ⁴Nonii
663 942 911 994 exemplaria
946 956 1026 981 non
1064 957 1142 995 quo
1171 943 1233 982 illi
1258 943 1511 992 nitebantur,
1551 948 1717 994 siquam,

226 1014 298 1054 sed
327 1017 468 1064 siynati
492 1027 622 1059 sacra,
653 1015 695 1052 in
720 1020 799 1066 quo
825 1026 901 1064 ego
930 1013 1030 1052 nihil
1057 1014 1135 1052 nisi
1161 1014 1332 1066 simplex
1361 1017 1473 1065 siqua
1498 1015 1628 1054 latere
1655 1030 1716 1055 ar-

226 1085 371 1133 bitror,
417 1085 480 1123 cui
517 1084 704 1123 adhaesit
740 1087 770 1123 ti
796 1084 961 1137 syllaba
990 1099 1013 1124 e
1043 1086 1237 1138 proximis
1264 1087 1367 1135 facti
1389 1089 1506 1124 sacri.
1569 1087 1716 1140 Itaque

226 1156 329 1195 haec
358 1155 524 1195 tandem
555 1170 654 1195 vera
682 1170 823 1196 manus
848 1157 1042 1195 Varronis
1072 1156 1227 1209 prodit:
1260 1157 1379 1206 Siqua
1402 1169 1520 1195 sacra
1544 1170 1627 1196 esse
1653 1161 1717 1196 cle-

225 1230 394 1274 sierunt,
432 1233 688 1277 posteaquam
731 1230 901 1276 homines
940 1233 1030 1266 sunt
1063 1228 1166 1276 facti
1200 1230 1327 1266 sacri:
1366 1242 1470 1280 quae
1510 1228 1719 1280 pedestria

228 1304 334 1338 sunt.
395 1297 623 1349 Quid‘vero
654 1297 870 1346 Oehlerus‚
905 1297 1018 1336 euius
1046 1311 1168 1336 causa
1196 1297 1299 1336 haec
1324 1299 1458 1337 omnia
1480 1298 1717 1351 disputavi?

229 1368 298 1414 Sic
343 1367 415 1407 ille
460 1369 502 1407 in
546 1374 661 1408 textu
682 1376 801 1414 ‘,suo:
857 1370 1016 1419 Siquam
1057 1367 1193 1419 [guttis]
1233 1381 1351 1406 sacra
1390 1381 1472 1408 esse
1509 1372 1718 1416 desierunt,

210 1465 214 1468 -
221 1445 475 1489 posteaquam
503 1441 672 1478 homines
692 1445 782 1478 sunt
803 1441 913 1488 facti.
955 1438 1112 1490 Quibus
1133 1439 1238 1477 hanc
1261 1438 1565 1479 adnotationem
1585 1437 1718 1480 subiess

230 1511 302 1548 cit:
334 1509 565 1549 ‘Sententia
589 1511 763 1549 fortasse
792 1510 897 1549 haec
928 1515 1008 1548 est:
1038 1523 1103 1549 res
1130 1523 1271 1549 sacrae
1297 1517 1337 1549 et
1359 1510 1626 1550 detestabiles
1649 1511 1717 1550 de-

229 1583 383 1621 sierunt
419 1595 484 1620 res
522 1595 613 1621 esse
649 1583 836 1634 signatae
871 1581 911 1620 h.
956 1595 991 1620 e.
1022 1581 1200 1620 intactae
1234 1581 1347 1630 filiis,
1384 1586 1650 1635 posteaquam
1678 1582 1719 1621 hi

228 1654 412 1692 homines
448 1660 540 1692 sunt
573 1654 695 1702 facti,
744 1653 784 1695 11,
828 1667 863 1691 e.
897 1657 1008 1691 tanto
1046 1651 1206 1690 laborat
1235 1658 1374 1691 nostra
1399 1652 1588 1692 iuventus
1619 1653 1718 1692 vitio

230 1731 272 1764 et
300 1738 452 1763 morum
482 1724 730 1776 corruptela,
761 1730 806 1762 ut
831 1736 964 1775 paene
994 1722 1078 1760 iure
1107 1721 1237 1774 possit
1267 1721 1347 1761 dici
1374 1723 1443 1762 vel
1472 1724 1573 1776 ipsis
1604 1730 1718 1763 nata-

227 1795 324 1834 litiis
363 1795 444 1833 iam
480 1801 638 1834 omnem
668 1794 893 1833 modestiae
931 1793 1111 1845 speciem
1141 1793 1317 1832 exuisse.
1378 1794 1462 1833 Sed
1492 1795 1595 1835 haee
1626 1810 1718 1835 con—

227 1867 384 1904 iectura
413 1866 506 1904 est-³
555 1867 632 1904 Est
659 1879 757 1904 vero
789 1871 829 1904 et
858 1866 1007 1904 misera
1037 1864 1213 1917 quidem.
1269 1864 1420 1904 Credin
1449 1866 1599 1918 legisse
1629 1847 1720 1906 611111

228 1936 296 1976 vel
330 1936 461 1988 Lipsii
500 1937 568 1975 vel
601 1936 780 1976 Fruterii
816 1937 1132 1989 disputationes,
1172 1948 1273 1987 quas
1310 1935 1353 1974 in
1380 1937 1525 1977 eadem
1551 1937 1719 1976 adnota-

228 2007 338 2046 tione
369 2007 516 2046 affert?
573 2007 702 2046 Missa
730 2006 895 2046 tandem
924 2007 1002 2045 hac
1032 1998 1171 2045 satura
1200 2005 1252 2044 ad
1281 2010 1420 2044 Mmum
1452 2022 1647 2061 propero,
1679 2010 1722 2047 in

229 2091 308 2131 quo
335 2083 490 2116 restant
519 2078 674 2130 aliquot
701 2091 843 2116 versus
874 2076 1094 2129 aliquando
1124 2077 1360 2127 suscitandi.
1421 2079 1490 2118 Sic
1520 2080 1569 2118 fr.
1600 2085 1623 2120 4
1650 2081 1719 2118 Iza-

230 2164 316 2189 rum
351 2153 501 2189 aedium
532 2151 756 2187 summetria
796 2149 1073 2209 (summeacrial
1097 2146 1191 2185 libri
1219 2147 1326 2196 Non.
1357 2163 1398 2200 p.
1427 2154 1494 2197 87,
1534 2148 1592 2200 12)
1630 2163 1719 2189 con-

226 2222 381 2270 futabat
411 2222 690 2259 architectones
722 2218 973 2256 octonarium
1003 2204 1173 2270 aequat:
1424 2206 1429 2209 7

434 2323 587 2359 Harum
617 2320 769 2358 ae'dium
800 2319 1024 2358 summe'tria
1049 2319 1276 2368 confutdbat
1302 2322 1592 2361 architae-lones.

231 2436 297 2473 De
335 2434 446 2472 cuius
485 2446 656 2472 caesura
691 2432 787 2472 vide
826 2446 851 2470 a
885 2432 1084 2471 Kraussio
1116 2438 1312 2483 congesta
1351 2433 1488 2474 Plauti
1518 2436 1721 2476 Terentii-

231 2518 310 2557 que
335 2503 522 2556 exempla
549 2504 589 2543 in
618 2517 725 2543 novo
744 2517 883 2544 museo
906 2503 1105 2543 Rhenano
1128 2503 1236 2543 VIII
1255 2517 1295 2555 p.
1316 2509 1398 2544 554.
1439 2505 1523 2544 Sed
1546 2507 1622 2545 erit
1642 2508 1721 2546 for-

233 2582 355 2623 tasse,
388 2575 455 2627 qui
485 2587 549 2613 me
579 2574 784 2614 insimulet
810 2581 1014 2628 tamquam
1044 2588 1151 2614 nova
1179 2574 1377 2627 proferre,
1406 2589 1510 2628 quae
1534 2591 1587 2616 ne
1609 2577 1723 2616 illum

235 2645 399 2699 quidem
435 2633 631 2684 editorem
664 2645 853 2696 fugerint.
915 2646 1015 2686 Cum
1055 2646 1162 2685 enim
1197 2652 1237 2684 et
1273 2646 1351 2684 hoc
1382 2647 1652 2697 fragmentum
1683 2654 1722 2686 et

233 2717 315 2756 alia
353 2715 567 2763 nonnulla,
598 2728 703 2767 quae
736 2717 905 2755 metrica
934 2729 1025 2755 esse
1055 2716 1175 2755 docui
1201 2717 1270 2755 vel
1301 2716 1456 2756 docebo
1486 2717 1611 2765 infra,
1645 2732 1723 2757 uno

233 2801 355 2826 versu
379 2785 488 2839 apud
520 2786 742 2826 Oehlerum
770 2799 967 2839 expressa
996 2787 1096 2835 sint,
1128 2787 1288 2825 nescias
1320 2801 1418 2825 sane
1449 2787 1547 2840 quid
1578 2789 1722 2828 editori

234 2857 447 2910 probatum
487 2857 631 2906 fuerit,
669 2857 738 2909 qui
775 2855 919 2896 ictibus
955 2858 1161 2897 rarissime
1190 2863 1345 2896 tantum
1375 2872 1471 2898 usus
1501 2864 1576 2898 est.
1638 2860 1722 2899 Sed

236 2927 287 2966 de
326 2929 541 2967 octonariis
576 2927 757 2966 iambicis
792 2941 839 2966 ac
879 2928 1120 2979 septenariis
1160 2930 1275 2968 salva
1310 2943 1376 2968 res
1415 2935 1498 2977 est,
1540 2943 1641 2982 quos
1672 2944 1722 2968 ne
