1898 3236
0 3180 2 3185 ·
0 2979 18 3125 Ἴτ’-νη·
0 2804 19 2975 ”pawn-vm*

891 803 947 859 Π

168 955 320 994 Earum
351 968 452 1007 quas
483 953 566 993 dixi
597 959 822 1005 saturarum
852 951 969 993 alteri
996 955 1126 995 Varro
1157 944 1431 1008 lepidissime,
1469 961 1514 994 ut
1539 955 1656 1002 solet,

168 1026 375 1083 inscripsit

532 1102 837 1136 PAPIAPAPAE
865 1102 984 1137 ΠΕΡΙ
1007 1102 1283 1157 ΕΓΚΩΜῙῼΝ.

170 1171 294 1226 Cui'us
324 1176 477 1228 ¹indit-,is
504 1185 589 1224 vim
618 1189 661 1225 et
688 1185 887 1224 rationem
916 1186 1103 1240 apposite
1132 1186 1414 1225 Mommsenus-
1437 1186 1661 1233 vernacule·

169 1258 226 1296 ita
263 1257 464 1308 expressit
499 1258 808 1321 Papperlapapp
846 1270 927 1296 vom
953 1259 1161 1296 Lobreden.
1211 1257 1385 1296 Formae
1406 1262 1660 1308 papiapapae

100 1351 102 1353 -
168 1327 268 1366 licet
295 1320 508 1367 butt'cbatta·
524 1328 732 1376 conferre,
765 1327 875 1380 quod
898 1341 975 1377 pro
1005 1331 1219 1388 nuyatoriis
1243 1329 1419 1380 positum
1449 1343 1474 1368 a
1499 1329 1658 1368 Naevio

169 1398 317 1436 Festus
345 1399 482 1438 Paulli
510 1413 551 1452 p.
582 1405 628 1441 36
654 1399 732 1446 M.,
766 1413 844 1449 pro
870 1402 986 1450 nihilo
1011 1405 1047 1438 et
1070 1413 1148 1449 pro
1178 1389 1295 1450 nuyis‘
1323 1414 1348 1439 a
1376 1400 1524 1439 Plauto
1552 1399 1657 1440 Cha-

148 1468 288 1510 .risius
316 1482 357 1521 p.
385 1475 455 1511 216
478 1471 527 1510 P.
556 1475 742 1509 testatur.
790 1469 855 1511 Of.
874 1471 1096 1510 -Ritsche‘lii
1117 1470 1210 1510 adn.
1233 1470 1286 1510 ad
1304 1470 1443 1510 Plauti
1462 1469 1659 1510 Pseuduli

169 1553 208 1577 v.
232 1544 314 1580 235.
360 1530 658 1591 Ἐγκωμιαστὴν
678 1542 808 1580 Varro
832 1530 1003 1589 induxit,
1034 1542 1104 1594 qui
1124 1538 1302 1594 ἐγκωμίῳ
1326 1547 1503 1582 saturam
1524 1542 1658 1594 auspi-

172 1614 298 1650 catur.
353 1609 477 1649 Cuius
507 1611 839 1652 laudatiunculae
868 1612 1064 1668 reliquias
1099 1611 1301 1652 Oehlerus
1330 1612 1494 1665 quidem
1526 1617 1656 1651 extre-

171 1695 256 1720 mas
286 1686 449 1721 saturae
476 1687 517 1720 et
544 1681 685 1721 ordine
714 1683 813 1722 satis
844 1682 1069 1723 disturbato
1098 1683 1341 1736 adseripsit:

286 1779 323 1813 ll
373 1773 506 1821 Siqilla
534 1774 712 1821 inpressa
741 1776 782 1811 in
811 1779 935 1812 mento
965 1776 1118 1815 Amoris
1146 1777 1304 1825 diyitulo

383 1845 542 1894 Vestiyio
571 1847 835 1884 demonstrant
861 1847 1143 1884 mollitudinem.

284 1920 328 1955 12
374 1915 476 1960 Quos
504 1917 778 1964 calliblephara
808 1919 981 1955 naturali
1004 1918 1217 1966 palpebrae

376 1987 532 2024 Tincaeae
564 1988 724 2025 vallatos
749 1989 878 2027 mobili
903 1993 1010 2036 septo
1038 1993 1177 2026 tenent.

284 2063 328 2098 13
373 2058 515 2096 Collum
537 2069 767 2106 procerum,
803 2061 936 2108 fictum
962 2061 1036 2098 levi
1061 2071 1265 2104 marmore,

372 2129 562 2178 Reyillam
591 2132 759 2168 tunicam
788 2133 965 2181 discingit
986 2143 1186 2180 purpura.

286 2204 329 2240 14
375 2200 473 2238 Ante
496 2203 605 2239 auris
627 2204 735 2240 modo
763 2214 815 2240 ex
837 2205 1029 2241 subolibus
1055 2202 1350 2240 demittebantur
1374 2209 1447 2238 sex
1473 2201 1660 2237 cincinni:

373 2273 474 2308 oculi
499 2275 721 2320 suppuetuli
750 2274 897 2322 niqellis
920 2274 1082 2321 pupulis
1112 2284 1226 2320 quam
1256 2272 1487 2309 hilaritatem
1514 2271 1659 2318 signifi-

371 2337 504 2378 cantes
534 2344 673 2379 animi!
702 2345 824 2381 rictus
843 2346 1100 2392 parvissimus
1126 2349 1168 2381 ut
1191 2343 1391 2392 refrenato
1417 2345 1500 2380 risu
1528 2348 1661 2380 roseo!
1706 2374 1709 2377 .

171 2431 323 2468 Eorum
346 2429 663 2480 fragmentorum
687 2438 947 2485 postremum,
972 2433 1023 2472 ab
1050 2432 1229 2473 Oehlero
1246 2446 1374 2486 ‚prosa
1389 2433 1573 2471 oratione
1589 2445 1658 2471 ex-

171 2511 355 2551 pressum
366 2529 386 2546 ,.
404 2498 555 2551 (omisit
579 2503 736 2542 incuria
758 2502 828 2543 vel
848 2517 922 2543 sua
943 2503 1010 2543 vel
1027 2504 1332 2557 typothetarum
1351 2506 1511 2554 parvuli
1528 2506 1663 2543 intorti

170 2583 278 2622 pone
293 2573 495 2618 subtilibus,
518 2578 564 2611 ut
583 2588 623 2626 p.
642 2580 712 2617 213
726 2575 775 2614 fr.
796 2581 837 2616 11
863 2586 916 2613 εει·
937 2570 1073 2614 arcula
1091 2576 1241 2624 omisit,·
1257 2588 1363 2629 quae
1377 2587 1430 2614 ne
1446 2575 1489 2614 in
1505 2574 1657 2615 adden-

172 2641 234 2680 dis
253 2641 417 2695 quidem
439 2643 708 2697 corriguntur)
733 2644 917 2685 Kochius
941 2646 983 2684 in
1000 2645 1359 2685 exercitationibus
1379 2646 1528 2685 criticis
1550 2660 1591 2698 p.
1613 2652 1660 2688 28

170 2714 382 2752 metricum
397 2726 489 2752 esse
504 2715 746 2767 suspicatus,
766 2729 874 2769 quae
899 2729 925 2756 a
944 2717 1077 2756 Nonio
1096 2730 1136 2769 p.
1156 2721 1239 2763 456,
1268 2722 1291 2758 6
1310 2716 1353 2755 in
1367 2717 1476 2756 hune
1496 2716 1660 2766 modum
1733 2752 1736 2754 .

170 2783 396 2832 traduntur,
428 2790 516 2823 ante
535 2771 644 2823 auris
661 2789 769 2825 modo
786 2799 839 2826 ex
853 2789 1044 2827 subolibus
1054 2790 1216 2837 parvuli
1227 2790 1363 2827 intorti
1375 2783 1660 2828 dimittebantur

170 2857 239 2893 sed
266 2857 434 2894 cincinni
441 2861 459 2901 ‚'
481 2857 600 2899 oculis
628 2860 814 2906 supelulis
834 2843 980 2908 niyellis
996 2862 1135 2909 populi
1155 2871 1269 2909 quam
1290 2861 1523 2899 hilaritatem
1542 2863 1657 2910 siqui·
1678 2862 1682 2865 ⁴

169 2928 331 2974 ficantes
361 2929 490 2974 animi,
520 2929 642 2966 rictus
663 2915 921 2976 parvis-simu}
950 2935 992 2968 ut
1020 2931 1221 2980 refrenato
1251 2933 1335 2970 risu
1353 2943 1485 2977 roseo,
1517 2944 1655 2983 eorum
