1898 3236
227 235 310 277 222
800 245 1138 280 comsc‘rANEA.

227 350 305 398 Ut,
351 363 429 401 quo
470 350 694 389 Varronem
733 351 799 390 vel
839 351 982 390 eodem
1020 349 1245 391 sententiae
1287 341 1438 392 ambitu
1481 353 1706 393 sermonem

226 420 436 459 miscuisse
467 420 650 459 versibus
681 421 900 469 firmarem,
940 421 1038 460 licet
1067 435 1132 460 res
1157 423 1247 475 ipsa
1274 411 1355 463 no'n
1385 424 1579 472 diluatur,
1626 425 1704 463 hoc

226 490 390 543 quidem
419 490 602 541 exemplo
633 492 691 529 uti
720 505 801 529 non
833 490 1040 530 debuerim
1070 506 1108 544 p.
1139 488 1196 534 722

339 560 456 612 Quae
484 575 523 612 p.
555 566 598 602 67
629 560 680 599 de
707 561 916 600 vocabulis
949 561 1163 612 dactylicis
1191 564 1371 603 trochaei
1401 557 1493 603 loco'
1521 565 1563 603 in
1582 567 1704 604 ve‘rsu

224 632 367 683 positis
398 631 493 679 dixi,
529 645 578 670 ea
597 645 660 670 me
682 631 816 670 docuit
835 632 1129 671 Fleckeisenus
1151 634 1209 672 ita
1229 634 1382 683 valere,
1413 640 1457 672 ut
1475 634 1565 676 eius
1585 647 1703 686 prae-

226 702 333 752 cepti
358 702 558 740 severita's
587 707 743 740 tantum
772 702 889 741 modo
917 716 941 741 a
968 704 1096 754 primo
1125 703 1419 743 trochaicorum
1442 703 1548 756 pede
1570 704 1710 758 aliena.

226 777 346 809 esset.
389 771 592 822 Quocirca
614 772 888 810 Koc'moropvnnc
918 773 966 811 fr.
981 780 1012 813 ·1
1037 775 1255 822 octonaria,
1279 787 1398 826 quam
1419 773 1593 825 exempli
1613 786 1702 824 gra·

223 841 280 879 tia
315 843 525 893 proposui,
572 856 759 882 mensura
793 842 955 894 probari
991 857 1071 881 non
1098 850 1252 896 potest,
1288 845 1388 883 nihil
1419 850 1551 883 autem
1579 844 1702 882 offen-

224 913 347 950 sionis
373 911 497 951 habet
527 913 634 965 quod
662 913 775 951 initio
806 914 999 952 trochaici
1030 914 1177 969 admisi
1199 916 1366 966 Bae'tere
1395 917 1523 952 iussit:
1553 914 1595 959 in
1625 927 1702 967 quo

224 981 332 1034 quod
367 984 518 1020 baetere
555 984 697 1035 scripsi
731 998 804 1038 pro
842 985 1007 1035 vulgato
1037 987 1162 1022 betere
1191 999 1212 1023 e
1240 985 1532 1035 Bambergensi
1563 984 1702 1023 codice

225 1057 423 1103 sumptum
460 1059 542 1101 est,
583 1054 695 1092 cuius
726 1054 879 1106 aliquot
908 1055 1127 1107 scripturas
1156 1054 1264 1093 idem
1295 1055 1591 1094 Fleckeisenus
1620 1069 1700 1093 me-

226 1135 314 1160 cum
345 1124 667 1166 communicavit
711 1124 824 1175 Quas
855 1124 962 1176 quod
990 1139 1070 1162 non
1095 1138 1231 1163 omnes
1252 1126 1484 1176 perscripsi,
1515 1140 1596 1164 non
1619 1139 1702 1163 ma—

223 1193 284 1243 gis
313 1192 409 1230 mihi
440 1193 537 1232 vitio
568 1200 768 1242 vertetur,
808 1207 926 1246 quam
960 1194 1068 1247 quod
1096 1207 1147 1232 ne
1172 1194 1417 1246 reliquorum
1444 1196 1607 1248 quidem
1637 1209 1701 1234 co-

224 1262 356 1300 dicum
386 1263 625 1302 varietatem
654 1258 876 1316 scripturae
909 1265 1088 1303 exhausi.
1381 1312 1391 1320 ο

337 1334 571 1384 Significavi
601 1333 789 1381 subinde,
821 1334 853 1373 si
884 1335 980 1387 quid
1006 1336 1135 1374 Varro
1169 1349 1219 1373 ex
1250 1335 1542 1387 antiquioribus
1569 1334 1702 1388 poetis

223 1405 396 1444 romanis
435 1410 635 1443 mutuatus
664 1404 899 1443 videbatur:
939 1419 989 1443 ex
1020 1419 1097 1458 quo
1126 1409 1290 1457 genere,
1316 1407 1383 1458 qui
1414 1406 1552 1445 dedita
1580 1420 1702 1459 opera

222 1475 495 1527 inquisiverit,
532 1489 613 1513 non
643 1475 780 1513 dubito
810 1474 904 1527 quin
932 1475 1054 1513 multo
1085 1476 1201 1527 plura
1232 1477 1414 1529 proferre
1442 1477 1582 1528 possit.
1633 1475 1701 1513 In-

221 1546 338 1583 terim
374 1544 572 1585 ascribam
610 1547 862 1599 duos„quos
892 1545 1186 1585 Fleckeisenus
1224 1547 1318 1585 mihi
1345 1547 1558 1593 indicavit,
1590 1535 1702 1583 locos

222 1616 434 1659 Plautinos
460 1629 484 1653 a
511 1615 695 1654 Varrone
724 1615 764 1653 in
793 1617 939 1655 saturis
969 1616 1189 1655 adhibitos:
1222 1617 1327 1656 Rud.
1361 1616 1421 1668 (II
1443 1624 1484 1666 3,
1518 1616 1579 1667 32)
1611 1622 1699 1657 362³

1078 1696 1196 1744 periit
1219 1699 1399 1745 potando,
1429 1696 1585 1744 opinor:

425 1767 625 1813 Neple'cnus
656 1768 802 1813 magmis
826 1767 976 1813 poculis
1004 1767 1077 1802 hac
1107 1767 1214 1807 no'cte
1244 1778 1328 1814 cum
1357 1766 1538 1804 invita'vit.

217 1854 314 1893 coll.
345 1858 582 1897 SssQummxm
613 1854 662 1896 fr,
690 1861 733 1894 15
761 1835 918 1905 p.**102:

421 1945 555 1993 Ipsum
583 1944 733 1982 a'vidum
760 1946 843 1982 vino
872 1944 1031 1982 invitavi
1051 1944 1172 1992 poclis
1201 1947 1307 1993 large
1336 1950 1448 1992 atque
1473 1945 1641 1993 benigne.

219 2034 472 2073 Menaechm.
504 2033 564 2084 (II
591 2041 626 2082 3,
657 2033 715 2084 18)
745 2040 833 2075 368:
863 2037 928 2072 ubi
955 2036 1065 2079 labec,
1096 2037 1181 2071 licet
1210 2037 1266 2071 ire
1296 2036 1508 2073 accubitum

221 2102 296 2154 (sic
333 2102 601 2153 Ritscholius3
647 2103 757 2142 libri:
809 2107 873 2142 ubi
913 2107 1014 2142 lubet
1051 2105 1194 2153 (libet),
1238 2107 1294 2141 ire
1342 2107 1428 2142 licet
1470 2106 1697 2153 accubitum)

221 2173 313 2211 coll.
335 2179 456 2221 ΤΑφιιο
481 2180 669 2212 Μεκιππογ
699 2174 747 2212 fr.
773 2174 855 2212 VII
874 2188 914 2226 p.
937 2182 1020 2215 150:
1051 2173 1131 2212 eubi
1151 2176 1262 2220 lubet,
1284 2177 1341 2212 ire
1361 2177 1446 2213 licet
1470 2174 1698 2212 accubitum'

220 2252 387 2292 accepto,
420 2229 575 2284 strenae
605 2247 828 2284 sussilimus.
890 2244 970 2283 Ubi
1000 2245 1095 2283 inde
1127 2244 1235 2296 quod
1261 2246 1390 2284 Varro
1415 2244 1550 2283 verbis
1576 2245 1697 2284 Plau-

218 2314 313 2352 tinis
353 2316 475 2354 utitur
510 2317 679 2367 forsitan
717 2314 899 2353 nonnihil
924 2314 1118 2366 praesidii
1150 2327 1266 2352 meae
1294 2315 1514 2365 opinationi
1545 2321 1699 2363 accepto

219 2384 402 2423 accedat.

311 2446 456 2493 'Porro
491 2456 784 2494 Fleckeisenus
817 2458 1026 2490 PAPIAPAPAE
1061 2454 1109 2493 fr.
1142 2455 1202 2493 VI
1234 2453 1288 2505 (Β)
1328 2469 1368 2506 p.
1396 2460 1440 2495 47
1473 2444 1700 2506 suspicatur

219 2523 315 2561 olim
341 2526 517 2563 numeris
550 2531 788 2576 conceptum
818 2524 956 2571 fuisse,
989 2537 1089 2576 quos
1117 2530 1251 2562 tamen
1280 2524 1377 2562 mihi
1404 2518 1580 2563 nondum
1605 2532 1696 2563 con-

218 2593 308 2644 tigit
336 2598 384 2632 ut
408 2607 711 2646 recuperarem,
746 2606 823 2632 nec
857 2599 969 2632 recte
999 2593 1060 2632 ibi<
1083 2597 1320 2642 intelleqeres
1349 2595 1585 2647 imperfecto
1615 2595 1697 2645 legi

219 2662 445 2702 arbitratur.

331 2734 519 2786 Denique
554 2734 662 2773 idem
696 2748 777 2773 non
813 2736 900 2773 sine
938 2735 1094 2773 ratione
1137 2735 1293 2774 dubitat
1327 2735 1377 2773 de
1409 2737 1543 2772 milvus
1571 2733 1694 2785 bisyl-
1743 2744 1745 2746 ·

218 2803 325 2851 labo,
358 2804 464 2855 quod
491 2818 530 2856 p.
559 2811 625 2845 106
651 2805 880 2856 Roeperum
910 2802 1071 2844 secutus
1101 2805 1143 2842 in
1173 2804 1394 2843 Sotadeum
1423 2803 1586 2842 admisi:
1617 2815 1693 2840 nec

219 2873 324 2910 enim
359 2874 437 2911 nisi
472 2874 686 2926 aliquoties
718 2889 742 2913 a
778 2870 990 2927 dactylicis
1023 2876 1154 2927 poetis
1185 2875 1235 2913 ob
1265 2875 1380 2913 metri
1408 2874 1693 2913 necessitatem
