1898 3236
785 284 1126 318 comi-:emunim
1645 276 1698 316 55

209 397 355 437 nerint.
417 393 537 448 Quod
566 398 701 432 autem
729 391 877 445 plurali
907 405 1073 432 numero
1105 395 1288 429 Muniam
1320 389 1553 430 inscribitur
1587 388 1698 441 (nam

207 468 317 522 quod
350 481 429 506 uno
466 479 488 506 e
527 463 741 504 duodecim
771 463 872 502 locis
902 463 1011 516 apud
1036 463 1212 503 Nonium
1242 477 1282 516 p.
1314 468 1398 510 187,
1430 469 1474 504 15
1503 464 1699 513 Melea9r0

207 540 368 591 legitur,
399 551 480 577 non
507 535 672 588 obstat),
704 534 840 574 herois
870 534 942 573 illa
973 535 1191 575 venatione
1218 534 1319 576 clari
1347 533 1508 573 nomine
1536 533 1697 572 univer-

208 625 295 651 sum
331 614 569 650 venatorum
601 619 729 658 genus
769 604 1025 656 designatur:
1062 611 1106 644 ut
1136 610 1364 644 Ennrmouns
1399 603 1468 642 alii
1501 603 1698 644 Varronis

211 687 373 722 saturae
401 678 650 727 inscribitur,
687 690 769 730 qua
801 677 914 729 carpi
939 668 1123 715 homines
1151 675 1395 714 somnulenti
1418 673 1627 722 videntur,
1654 680 1699 712 ut

210 753 247 793 ei
269 764 430 806 quoque
448 749 594 807 indici,
625 762 704 803 quo
733 753 1014 799 argumentum
1042 742 1205 786 saturae
1234 746 1448 793 indicetur,
1479 744 1584 785 haec
1604 744 1700 785 addi

207 821 297 877 περὶ
317 819 446 863 ὕπνου
472 821 642 874 possint.

319 896 401 934 Per
430 898 664 932 consuetam
688 890 836 931 saturis
864 888 1136 928 diverbiorum
1165 886 1489 926 vicissitudinem
1518 901 1604 927 rem
1631 902 1697 928 ac-

206 973 289 1005 tam
318 978 411 1005 esse
439 964 636 1017 reliquiae
661 962 855 1015 produnt:
889 960 1002 1000 cuius
1034 958 1227 1012 colloquii
1253 957 1350 1011 quid
1375 971 1516 997 ansam
1541 959 1700 999 dederit

207 1038 257 1075 fr.
281 1043 320 1077 11
355 1035 644 1083 subindicatur,
674 1033 783 1087 quod
813 1039 909 1086 apte
940 1037 1146 1071 extremae
1173 1035 1335 1069 saturae
1366 1028 1626 1070 adscribitur:
1664 1077 1670 1083 ἢ

320 1141 457 1178 Funus
488 1139 706 1187 exsequiali
740 1139 843 1174 laute
874 1138 926 1173 ad
955 1137 1176 1184 sepulcrum
1215 1135 1372 1182 antiquo
1411 1145 1515 1171 more
1553 1137 1699 1173 silicer-

208 1214 311 1249 nium
340 1211 590 1260 confecimus,
622 1211 663 1247 id
689 1215 745 1247 est
774 1195 1045 1260 περίδειπνον,
1077 1218 1151 1255 quo
1174 1207 1319 1254 pransi
1347 1207 1582 1243 discedentes
1607 1207 1698 1244 dici-

208 1295 292 1321 mus
317 1284 417 1321 alius
443 1284 530 1320 alii:
562 1283 656 1319 vate.

320 1385 460 1424 Funus
497 1383 619 1434 igitur
658 1383 835 1420 fortasse
872 1377 1080 1419 venatoris
1118 1377 1289 1417 alicuius
1318 1377 1523 1416 temerarii
1554 1391 1697 1430 oppor-

205 1455 418 1494 tunitatem
464 1454 516 1493 de
547 1454 767 1493 venatione
807 1450 1132 1504 colloquentibus
1170 1449 1299 1487 dedit:
1347 1448 1424 1487 nisi
1463 1462 1512 1487 ea
1546 1455 1703 1488 restant

208 1526 336 1566 verba
367 1526 418 1565 de
446 1524 584 1564 nescio
616 1537 697 1577 qua
723 1523 968 1582 narratione,
1001 1535 1106 1575 quae
1136 1526 1414 1573 argumentum
1437 1527 1600 1578 satur-ae
1619 1535 1700 1560 non

209 1596 448 1648 attingebat.
514 1594 705 1647 Apertior
751 1599 998 1640 ceterorum,
1051 1605 1157 1645 quae
1205 1591 1256 1631 de
1276 1592 1496 1646 ‘colloquio
1535 1592 1700 1631 residua

210 1676 302 1710 sunt
335 1668 444 1721 ipso,
500 1679 629 1705 nexus
667 1678 716 1704 ac
751 1664 955 1704 sententia
986 1657 1068 1702 est.
1128 1664 1275 1716 Itaque
1304 1663 1408 1703 haec
1442 1663 1574 1702 tribuo
1606 1667 1699 1703 con·

209 1739 399 1793 temptori
427 1738 706 1778 venationum:

322 1831 341 1868 I
365 1828 420 1881 (3)
456 1831 635 1874 Currere,
669 1830 840 1878 uiyilare,
871 1829 1033 1872 esurire,
1065 1829 1264 1875 ecquando
1294 1828 1390 1864 haec
1417 1828 1555 1875 facere
1585 1841 1698 1876 opor-

208 1908 282 1940 tet?
321 1915 436 1951 quam
466 1903 518 1939 ad
543 1902 685 1948 finem?

320 1993 364 2031 II
394 1991 449 2043 (ι)
490 1993 661 2037 Quaero,
711 1995 840 2028 utrum
874 1991 1047 2039 fructnis
1084 2003 1135 2027 an
1170 1991 1431 2027 delectationis
1464 1995 1611 2026 causa?
1667 1992 1702 2026 si

202 2065 386 2114 fructuis,
415 2069 457 2102 ut
488 2064 658 2101 vendatis
1385 2058 1387 2061 '

323 2155 389 2194 III
415 2154 473 2206 (⁶2)
517 2155 585 2191 Sin
615 2158 742 2190 autem
773 2155 1034 2191 delectationis
1062 2164 1184 2190 causa
1220 2153 1426 2196 venamini,
1466 2156 1608 2198 quanto
1637 2162 1699 2187 sa-

178 2241 190 2254 ·
208 2230 283 2264 tius
320 2231 376 2264 est
413 2227 529 2263 salvis
563 2226 744 2278 cruribus
779 2227 821 2262 in
848 2227 952 2262 circo
982 2229 1180 2272 spectare,
1217 2235 1332 2271 quam
1362 2223 1422 2258 his
1449 2223 1702 2259 descobinatis

208 2301 247 2334 in
275 2299 371 2335 silva
398 2302 567 2333 curare?

211 2387 275 2425 Ab
317 2383 565 2437 explorando
612 2382 692 2420 fine
738 2383 917 2422 venandi
963 2384 1117 2428 orditur
1154 2383 1227 2423 ille
1262 2383 1524 2422 venationum
1562 2384 1700 2435 exagi-

210 2464 336 2495 tator:
368 2468 536 2509 quorsus
567 2460 754 2507 spcctant
779 2455 873 2504 ista,
902 2469 1008 2509 quae
1034 2470 1108 2495 vos
1137 2445 1315 2496 venandi
1335 2469 1459 2495 causa
1479 2455 1699 2503 sustinetis,

212 2541 365 2575 cursus,
397 2527 550 2578 vigilia,
581 2526 739 2566 fames?
778 2526 852 2565 Cui
880 2525 1146 2579 interroganti
1175 2541 1264 2567 cum
1293 2542 1374 2567 non
1408 2525 1507 2566 satis
1535 2524 1700 2563 definite

210 2597 469 2651 respondisse
498 2598 601 2638 alter
630 2597 828 2647 videatur,
867 2597 1040 2637 eandem
1068 2598 1427 2650 interrogationem
1459 2596 1595 2649 paullo
1620 2595 1698 2633 dis-

211 2669 374 2709 tinctius
409 2676 647 2722 conceptam
681 2669 820 2708 refert.
890 2669 980 2707 Nec
1014 2668 1120 2707 enim
1154 2669 1272 2721 plura
1300 2682 1421 2722 quam
1448 2679 1698 2718 responsum,

212 2741 320 2794 quod
351 2741 546 2792 significo,
575 2746 671 2793 puto
701 2739 806 2778 inter
835 2740 905 2778 frr.
937 2740 958 2778 Ι
990 2745 1031 2778 et
1055 2741 1100 2778 II
1131 2739 1409 2778 intercidisse:
1442 2750 1610 2792 quorum
1640 2737 1697 2775 in-

211 2812 349 2851 timam
394 2812 697 2851 cohaerentiam
733 2823 878 2860 quaero
922 2810 1163 2850 subindicat.
1224 2810 1431 2862 Deinceps
1468 2809 1700 2860 singulatim

211 2883 381 2935 primum
408 2883 602 2930 fructum,
632 2882 667 2920 si
694 2894 814 2935 quem
843 2882 950 2921 ferat
974 2882 1407 2929 venatio,‘examinat.
1469 2880 1513 2920 Si
1547 2882 1700 2919 fructus

215 2967 340 2992 causa
380 2954 607 3002 venamini,
643 2958 688 2992 ut
722 2951 932 3001 vendatis,
973 2965 1078 3005 quae
1117 2953 1328 3005 ceperitis,
1366 2958 1458 2991 sunt
1485 2952 1589 2991 aliae
1617 2964 1697 3000 reS,
