1898 3236
741 246 1083 279 comscrAnuA.
1342 283 1345 286 Α
1582 235 1662 276 207

170 352 380 392 turbarum
409 352 478 392 vel
508 353 684 392 rixarum
710 353 778 392 vel
807 354 947 392 nescio
981 352 1094 391 cuius
1123 350 1294 404 periculi
1325 352 1488 390 oriatur.
1544 349 1661 402 Quae

172 424 335 476 quidem
372 424 494 464 valde
533 425 720 476 apposita
756 424 859 463 ratio
893 424 1133 463 obscuratur
1170 422 1269 461 ilicov
1298 421 1412 461 iuxta
1441 421 1574 473 posita
1603 421 1661 460 in-

172 495 390 548 scriptione
419 493 508 548 περὶ
537 489 769 545 ἐδεσμάτων.
812 496 879 534 Ita
908 508 998 533 cum
1027 494 1125 533 illae
1148 493 1432 545 inscriptiones
1455 493 1664 544 segregari

172 567 308 618 potius
343 580 464 619 quam
500 565 679 618 copulari
717 566 918 617 gestiant,
956 566 1078 604 etiam
1110 569 1269 604 saturas
1300 563 1413 616 ipsas
1439 563 1562 602 valde
1590 577 1664 602 sua

173 637 492 676 conformatione
530 633 714 675 diversas
765 650 788 675 e
826 636 951 680 Gellii
988 634 1230 674 testimoniis
1273 634 1492 673 informare
1531 635 1662 673 animo

171 707 280 747 licet.
341 709 441 747 Eius
481 707 546 746 cui
585 708 809 758 praefixum
844 706 1103 761 proverbium
1141 711 1247 754 erat,
1295 718 1417 758 supra
1460 705 1663 744 delineavi

171 779 384 816 materiam
423 777 603 818 Gellium
643 784 828 818 secutus:
864 793 940 818 nec
972 779 1100 830 magis
1138 777 1180 815 in
1209 776 1381 815 obscuro
1413 782 1476 815 est
1504 776 1663 828 species

173 848 339 886 alterius
369 848 421 887 de
450 862 532 901 qua
560 848 662 887 haec
694 849 835 888 scribit
864 849 1021 890 Gellius
1050 849 1111 888 VI
1133 854 1188 896 16,
1214 854 1229 888 l
1253 860 1342 900 sqq.
1384 849 1438 886 M.
1476 849 1601 886 Varro
1624 851 1664 886 in

170 925 328 965 satura,
361 931 475 967 quam
504 917 593 972 περὶ
623 915 842 970 ἐδεσμάτων
869 922 1087 969 inscripsit,
1123 921 1246 968 lepide
1277 921 1477 957 admodum
1508 923 1545 956 et
1572 921 1665 956 scite

168 990 288 1038 factis
331 981 504 1028 uersibus
539 1002 723 1029 cenarum
761 992 977 1040 exquisitas
1021 993 1178 1029 delicias
1215 991 1513 1038 comprehendit.
1574 1002 1662 1027 nam

166 1063 357 1108 pleraque
393 1063 435 1098 id
466 1072 606 1109 yenuS,
645 1075 745 1110 quae
777 1065 946 1101 elluones
982 1063 1046 1100 isti
1081 1068 1188 1100 terra
1221 1067 1257 1099 et
1291 1064 1395 1099 mari
1417 1063 1660 1109 conquirunt,

171 1134 350 1179 exposuit
388 1133 617 1181 inclusitque
656 1135 695 1171 in
735 1144 916 1171 numeros
951 1137 1138 1171 senarios.
1198 1139 1234 1171 et
1270 1135 1374 1181 ipsos
1401 1134 1550 1180 quidem
1579 1144 1662 1170 ver-

172 1214 257 1248 sus,
294 1205 358 1253 eui
386 1205 500 1240 otium
529 1207 623 1250 erit,
657 1207 695 1242 in
726 1207 834 1249 libro,
868 1216 942 1253 quo
970 1188 1080 1249 disci,
1089 1205 1236 1251 positos
1264 1206 1387 1252 leyat:
1420 1215 1564 1253 9enera
1594 1216 1663 1240 au-

172 1279 244 1311 tem
281 1276 510 1322 nominaque
547 1277 713 1313 edulium
752 1280 789 1312 et
817 1276 1004 1312 domicilia
1035 1275 1203 1312 ciborum
1234 1277 1406 1313 omnibus
1436 1278 1521 1313 aliis
1547 1286 1664 1323 prae-

171 1347 335 1391 stantia,
381 1356 480 1393 quae
510 1347 716 1394 profunda
752 1347 938 1394 inyluvies
973 1347 1189 1394 vestiyavit,
1232 1357 1330 1394 quae
1375 1347 1500 1384 Varro
1528 1347 1664 1393 obpro·

172 1418 292 1453 brans
321 1421 508 1453 executus
533 1422 601 1463 est,
629 1418 725 1454 haec
751 1422 842 1454 sunt
860 1416 997 1464 ferme,
1029 1423 1213 1464 quantum
1235 1419 1341 1455 nobis
1361 1420 1564 1455 memoriae
1589 1422 1664 1454 est.-

168 1499 296 1536 pavus
332 1500 353 1525 e
391 1489 524 1533 Samo,
563 1488 737 1536 Phryyia
773 1494 976 1536 attagena,
1011 1500 1130 1536 9rues
1160 1490 1322 1526 Melicae
1357 1502 1392 1527 e.
1422 1502 1462 1541 q.
1495 1502 1526 1526 s.
1589 1486 1664 1526 Oui

173 1558 236 1596 his
263 1571 344 1596 non
370 1558 411 1596 in
439 1562 615 1596 mentem
644 1564 845 1597 vocantur
866 1559 989 1597 Ennii
1011 1559 1369 1612 Hedyphagetica,
1402 1572 1572 1612 quorum
1592 1571 1663 1610 ap—

127 1671 134 1679 ,
172 1628 304 1680 posite
338 1627 541 1668 Oehlerus
574 1630 818 1669 mentionem
855 1630 974 1678 fecit,
1011 1631 1080 1669 vel
1114 1631 1255 1671 Catius
1284 1630 1534 1669 Horatianus
1569 1628 1663 1680 (sat.

173 1700 216 1738 II
254 1699 314 1750 4),
356 1713 474 1752 quem
520 1701 596 1739 fuit
640 1701 708 1753 qui
749 1715 799 1740 ex
839 1702 1033 1754 opusculo
1071 1702 1267 1742 Varronis
1303 1702 1459 1741 colores
1499 1700 1663 1738 duxisse

175 1770 427 1822 opinaretur:
469 1771 522 1810 cf.
560 1772 752 1811 Teuffelii
787 1786 930 1812 comm.
964 1787 1004 1826 p.
1045 1779 1133 1814 121:
1174 1787 1198 1812 a
1228 1773 1344 1812 Catio
1376 1778 1509 1812 autem
1537 1785 1671 1830 quanj

172 1846 256 1880 tum
288 1841 412 1880 distat
437 1841 619 1881 eiusdem
644 1843 806 1882 Horatii
837 1857 939 1882 cena
967 1844 1183 1884 Nasidieni
1216 1843 1278 1896 (II
1303 1844 1362 1896 8),
1394 1849 1551 1882 tantum
1577 1843 1663 1881 fere

174 1927 198 1952 a
227 1919 366 1952 satura
395 1909 484 1964 περὶ
508 1908 735 1964 ,ἐδεσμάτων
763 1914 1020 1967 discrepasse
1049 1915 1159 1954 illam
1183 1916 1411 1967 putaverim
1441 1915 1505 1953 cui
1533 1916 1666 1952 Nescis

170 1980 210 2023 e.
237 1999 276 2038 q.
313 1998 346 2024 s.
377 1983 573 2036 inscripta
602 1985 776 2023 fuerunt.
836 1985 903 2023 Ita
933 1987 1072 2024 nescio
1103 1999 1155 2024 an
1185 1999 1265 2025 non
1296 1987 1392 2025 mihi
1422 1991 1578 2024 tantum
1604 1985 1663 2023 vi-

175 2054 274 2093 dear
301 2055 441 2106 paullo
476 2055 595 2107 plura
622 2060 662 2093 et
691 2055 893 2105 graviora,
924 2055 1068 2107 quibus
1100 2069 1238 2097 earum
1261 2056 1477 2096 diversitas
1508 2063 1663 2096 satura·

173 2139 261 2164 rum
292 2127 515 2171 evincatur,
546 2124 929 2177 protulisse‚·quam
957 2140 981 2164 a
1000 2127 1225 2166 Mercklino
1246 2113 1287 2167 in
1309 2129 1551 2167 contrariam
1572 2141 1662 2166 sen-

172 2197 340 2234 tentiam
375 2197 503 2234 allata
538 2200 651 2232 sunt:
689 2195 799 2247 quod
831 2210 929 2236 vero
966 2198 1198 2249 primarium
1224 2198 1334 2238 illius
1365 2200 1563 2252 opinionis
1592 2199 1663 2236 im-

171 2265 447 2318 pedimentum
488 2271 572 2312 est,
626 2264 751 2304 Gellii
789 2266 879 2305 dico
917 2267 1094 2320 duplicia
1139 2270 1387 2319 testimonia,
1426 2270 1468 2309 id
1499 2269 1663 2322 quidem

172 2337 310 2388 paullo
344 2336 609 2388 expeditiore,
640 2341 685 2374 ut
707 2337 804 2376 mihi
830 2337 1004 2388 videtur,
1035 2339 1142 2392 pede
1167 2341 1418 2380 Mercklinus
1446 2341 1662 2381 transiluit.

173 2408 334 2446 Etenim
371 2406 530 2446 Gellius
573 2406 723 2446 nnllam
764 2408 927 2460 quidem
965 2415 1192 2450 saturarum
1231 2413 1312 2451 suis
1344 2412 1499 2453 duobus
1537 2413 1663 2451 titulis

173 2479 336 2525 citavit,
374 2477 447 2516 sed
485 2484 530 2517 ut
567 2492 647 2517 non
688 2479 810 2527 fuerit
845 2485 927 2519 tam
957 2487 1171 2521 accuratus
1202 2496 1250 2521 ac
1285 2483 1459 2534 diligens
1487 2484 1531 2522 in
1562 2483 1662 2523 alle-

171 2548 316 2600 gandis
342 2549 620 2601 scriptoribus,
653 2564 774 2603 quam
804 2550 916 2590 visus
947 2557 1009 2591 est
1029 2552 1256 2592 Ritschelio
1291 2553 1353 2605 (in
1383 2568 1490 2594 novo
1522 2568 1661 2593 museo

171 2620 304 2658 Rhen.
327 2620 387 2659 VI
407 2631 446 2671 p.
470 2625 559 2681 5173
591 2621 643 2660 cf.
666 2621 916 2661 Mercklinus
947 2623 975 2662 l.
1008 2637 1040 2662 c.
1068 2637 1107 2675 p.
1133 2623 1233 2676 378),
1265 2630 1400 2663 tamen
1430 2625 1507 2663 hoc
1539 2638 1662 2675 aegre

171 2691 268 2729 mihi
306 2690 532 2742 persuadeo
570 2691 742 2730 eundem
775 2691 950 2732 Gellium
988 2694 1170 2733 eiusdem
1203 2703 1365 2733 saturae
1395 2694 1458 2733 bis
1488 2695 1663 2745 priorem

170 2760 232 2799 bis
273 2762 444 2800 alteram
478 2762 781 2815 inscriptionem
820 2764 1024 2804 citavisse.
1094 2765 1179 2804 Sed
1219 2766 1317 2818 quid
1355 2766 1445 2813 fiet,
1490 2765 1662 2817 inquies,

171 2832 421 2884 simplicibus
451 2833 541 2872 istis
572 2833 728 2873 titulis?
767 2833 1012 2886 Respondeo
1041 2837 1223 2887 potuisse
1251 2836 1340 2874 fieri
1359 2842 1404 2875 ut
1429 2849 1544 2875 suum
1563 2836 1659 2874 utri-

171 2916 249 2954 que
281 2903 602 2943 additamentum
629 2904 753 2944 Gellii
786 2905 909 2957 culpa
940 2905 1253 2947 desideraretur.
