1898 3236
803 244 1143 277 commum-224.
1351 236 1357 241 ’
1666 225 1720 265 87

234 357 368 409 Quem
398 370 521 408 supra
550 369 589 407 p.
616 360 664 396 80
692 352 946 405 recuperavi.

372 461 412 499 p.
441 453 512 488 213
562 445 745 483 Se'nsibus
773 442 918 481 crassis
946 444 1105 481 homulli
1130 444 1206 481 no'n
1238 446 1405 484 videmu'
1435 448 1530 496 quid
1554 450 1644 497 [ιάι.

235 538 401 577 videmu‘
438 536 725 592 Lachmannus
763 533 816 573 ad
850 533 1031 572 Lucretii
1059 533 1082 572 I
1109 539 1191 575 186.
1230 537 1398 574 videmus
1424 539 1560 590 vulgo,
1601 546 1719 580 sensi.

232 612 301 648 bus
328 606 559 655 Meinekius
591 611 632 645 et
658 605 963 663 Lachmannus:
994 607 1147 643 senibus
1175 605 1268 644 libri
1297 607 1421 647 Nonii
1448 624 1490 662 p.
1516 618 1596 660 36,-
1615 620 1672 654 24,

372 712 412 750 p.
444 703 511 740 227
560 697 645 744 Qud
671 699 862 745 voluptate
892 696 1067 736 ae'vitalis
1095 697 1279 735 e'xtimam
1303 701 1427 748 attiyz'c
1456 702 1606 740 me'tam.

232 790 413 842 Agnovit
441 781 687 836 Meinekiusi,
718 792 763 826 ut
789 786 995 838 proximos
1012 784 1149 826 duos:

370 894 411 933 p.
440 885 505 922 231
557 879 639 917 Ne'c
668 889 854 917 coruscus
882 877 1002 916 imber
1033 880 1110 916 alto
1140 880 1267 917 mtbilo
1293 882 1438 919 cade‘ns
1468 885 1608 923 mamus

559 949 758 988 Gra'ndine
785 948 1004 997 implicdtus
1032 951 1128 987 albo.

369 1055 409 1094 p.
443 1047 508 1083 157
560 1041 712 1079 Ne'mini
735 1040 899 1088 fortuna
928 1052 1088 1078 currum
1117 1055 1140 1079 a
1169 1041 1329 1081 edre-ere
1356 1046 1486 1083 intimo'
1515 1046 1671 1084 missum

556 1112 653 1151 Ldbi
672 1113 904 1160 inoffensam
921 1125 998 1162 per
1015 1125 1160 1163 aequor
1177 1115 1383 1153 ca'ndidum
1400 1119 1453 1166 ad
1461 1118 1605 1156 calce'm
1620 1118 1718 1157 sivit.

230 1203 315 1243 Sed
344 1203 487 1242 horum
517 1202 620 1243 alter
659 1217 706 1242 eo
723 1233 732 1252 ,
751 1204 876 1262 ,quod
913 1205 1118 1257 spondeus
1135 1212 1210 1245 »est
1238 1212 1332 1246 ante
1360 1208 1509 1259 pedem
1535 1209 1720 1249 ultimum

228 1288 301 1327 pro
330 1274 482 1322 iambo,
515 1274 694 1314 deflectit
723 1282 807 1314 non'
830 1276 932 1315 nihil
963 1291 988 1315 a
1015 1278 1235 1317 severitate
1264 1269 1524 1331 reliquorum,
1552 1293 1629 1318 nec
1659 1285 1718 1318 ta-

229 1360 322 1386 men
351 1346 512 1386 videtur
541 1346 592 1385 de
620 1346 855 1398 integritate
885 1349 1102 1387 memoriae
1133 1348 1309 1388 dubitari
1335 1363 1471 1401 posse,
1506 1355 1550 1388 ut
1577 1350 1718 1402 paullo

229 1403 412 1458 severius
454 1417 644 1457 iudicarit
693 1410 987 1456 Lachmannus‘
1020 1418 1072 1457 ad
1113 1419 1295 1457 Lucretii
1332 1419 1353 1457 I
1396 1425 1472 1460 186.
1531 1419 1719 1459 Alterum

230 1489 413 1528 eiusdem
447 1489 639 1527 licentiae
670 1487 900 1540 exemplum
934 1488 1119 1528 Kochius
1147 1488 1315 1540 protulit
1345 1489 1387 1527 in
1417 1490 1716 1529 exercitationi-

163 1611 165 1613 ·
229 1560 304 1600 bus
333 1574 375 1613 p.
404 1566 469 1601 29:

367 1653 407 1692 p.
435 1645 507 1680 204
551 1639 668 1677 Htinc
697 1650 811 1677 vocas
840 1650 861 1676 e
886 1638 1034 1687 liquida
1062 1641 1139 1678 vita
1168 1642 1208 1677 in
1230 1641 1364 1678 cin-iae
1385 1640 1538 1678 vestrae'
1553 1640 1716 1689 fae'cem.

185 1767 194 1779 ,
230 1730 314 1770 Sed
342 1730 409 1769 hic
438 1744 519 1769 non
544 1730 622 1768 hoc
651 1743 729 1769 uno
757 1729 917 1768 nomine
940 1743 965 1768 a
991 1731 1243 1782 superiorum
1266 1744 1408 1770 norma
1426 1730 1595 1779 recedit,
1628 1745 1718 1769 cum

228 1803 270 1841 in
299 1802 480 1842 secunda
510 1801 675 1853 dipodia
703 1815 776 1854 pro
807 1801 1000 1841 trochaeo
1030 1815 1132 1855 puro
1157 1801 1308 1842 habeat
1327 1807 1603 1854 anapaestum.
1634 1802 1716 1841 Ne-

227 1874 341 1925 gavit
369 1873 533 1927 quidem
561 1873 790 1912 Meinekius
815 1873 1044 1913 Varronem
1079 1874 1204 1913 ullam
1241 1873 1318 1913 sibi
1347 1874 1590 1913 solutionem
1617 1874 1718 1912 arsis

228 1946 269 1984 in
305 1945 383 1984 hoc
410 1958 560 1996 genere
594 1958 784 1984 versuum
811 1945 1068 1997 permisisse:
1116 1946 1263 2005 iniuria
1293 1946 1471 1998 opinor,‘
1498 1944 1607 1998 quod
1636 1959 1716 1983 non

227 2017 304 2055 hoc
334 2017 404 2069 qui
430 2017 511 2068 ipsi
537 2015 744 2056 Meinekio
776 2015 947 2055 debetur
977 2029 1100 2055 versu
1131 2015 1410 2069 approbarim:

369 2121 409 2160 p.
439 2113 509 2149 213
559 2089 604 2146 ὑί
634 2109 758 2146 nitens
781 2108 947 2156 pavonis
974 2109 1093 2146 collus
1122 2106 1220 2144 nihil
1252 2108 1497 2145 extrinsecas
1524 2108 1690 2144 sumens.

227 2199 270 2237 in
293 2212 373 2251 quo
404 2199 439 2238 si
461 2201 625 2247 pavoni’
660 2203 701 2236 et
733 2199 787 2235 m‘l
817 2198 1024 2246 scribitur,
1065 2202 1244 2236 ceterum
1274 2189 1465 2236 convenit
1490 2197 1714 2244 severitati,

227 2269 306 2307 nisi
340 2268 448 2322 quod
479 2269 623 2307 tertiae
655 2268 844 2320 dipodiac
878 2268 1006 2306 thesis
1036 2268 1164 2320 prima
1191 2267 1447 2319 producitur,
1476 2273 1521 2306 ut
1549 2271 1714 2321 prorsus

229 2339 412 2389 geminus
441 2339 494 2377 sit
518 2338 612 2376 huic
641 2338 842 2390 exemplo,
874 2338 983 2391 quod
1010 2337 1119 2377 idem
1144 2338 1375 2378 Meinekius
1405 2338 1676 2391 recuperavit,

370 2443 411 2481 p.
442 2434 511 2470 213
551 2429 616 2467 Sic
645 2431 754 2467 canis
778 2431 824 2478 fil
852 2429 876 2468 ε’
899 2431 1046 2475 catello,
1077 2430 1135 2468 sic
1160 2442 1181 2468 e
1211 2431 1336 2468 tritico
1364 2430 1486 2486 spica.

229 2518 312 2558 Sed
351 2532 430 2571 quo
466 2533 518 2558 ne
556 2533 581 2558 a
624 2518 824 2559 solutione
862 2521 964 2559 arsis
1001 2520 1165 2573 quidem
1204 2520 1451 2560 abstinuisse
1472 2509 1715 2560 'Varronem

229 2589 442 2642 probetur,
478 2590 546 2629 hic
581 2602 726 2629 versus
757 2595 819 2630 est
854 2604 879 2629 a
906 2591 1068 2630 Kochio
1095 2597 1360 2644 recuperatus
1388 2592 1430 2630 in
1457 2591 1712 2630 exercitatio-

228 2660 346 2700 nibus
377 2675 418 2713 p.
445 2660 510 2702 31':

368 2755 408 2792 p.
439 2745 509 2782 234
555 2741 647 2778 Ct'cm
673 2751 794 2790 neque
818 2746 950 2790 aptum
969 2742 1090 2780 mallis
1106 2743 1249 2781 umeris
1262 2741 1427 2790 fibulam
1443 2742 1561 2790 sagus
1573 2740 1712 2789 fe'rret.

232 2833 301 2884 qui
340 2845 429 2870 cum
468 2831 705 2884 ceteroquin
746 2832 854 2870 omni
888 2831 1093 2882 elegantia
1128 2832 1248 2880 fluat,
1298 2830 1472 2870 solutam
1508 2829 1712 2869 secundae

231 2903 420 2956 dipodiae
446 2903 566 2943 arsim
595 2885 778 2955 praebet.
838 2890 896 2941 Ut
919 2916 971 2940 ne
1001 2902 1052 2941 de
1081 2903 1210 2942 altero
1238 2900 1403 2954 quidem
1429 2900 1499 2940 illo
1527 2900 1714 2952 exemplo
