1898 3236
263 222 344 262 218
558 258 564 264 .
834 225 1175 266 C‘ONIECTANEA.

259 337 430 384 mutavi,
463 349 541 388 quo
570 337 641 375 illa
670 342 893 386 constaret,
918 337 1103 376 firmabo:
1139 352 1187 377 ac
1217 343 1303 378 iuro
1333 339 1440 392 quod
1473 341 1635 392 reposui
1663 355 1735 393 pro

258 411 367 456 uit-90
393 408 531 445 nescio
560 420 612 445 an
640 407 755 446 nulla
782 407 964 458 indigeat
993 409 1270 451 excusatione,
1321 412 1442 459 inquit
1474 416 1608 450 autem
1631 411 1740 463 quod

259 477 379 516 elicui
407 490 457 515 ex
475 477 551 515 -his
575 481 615 515 in
645 481 700 525 id,
733 478 1072 517 reminiscendum
1103 484 1164 518 est
1193 479 1302 531 quod
1326 493 1365 531 p.
1396 485 1442 521 29
1470 481 1606 531 tetigi,
1649 494 1738 520 cum

259 548 476 587 alibi-tum
514 547 621 600 apud
660 548 835 586 Nonium
856 545 1031 600 >saepius
1071 562 1142 601 pro
1175 555 1188 586 t
1217 549 1328 587 finali
1361 550 1543 589 exhiberi
1573 553 1608 589 d.
1668 551 1737 590 Sic

259 621 392 668 inquid
419 623 480 657 est
508 618 614 670 apud
641 618 817 656 Nonium
844 632 884 670 p.
915 624 996 665 226,
1026 626 1088 669 193
1130 622 1245 657 amad
1272 633 1310 671 p.
1338 627 1394 669 13,
1424 627 1467 670 23
1505 625 1671 671 reliquid
1695 637 1736 674 p.

260 696 339 738 141,
372 695 436 738 24,
467 690 547 728 alia
575 689 617 728 id
646 702 773 740 genus
802 689 935 741 plura.
994 689 1083 728 Nec
1111 690 1307 738 haerebit,
1338 692 1497 743 opinor,
1526 693 1738 746 quisquam
1808 689 1810 691 ’

257 760 298 798 111
329 773 376 798 eo
408 759 516 812 quod
546 762 611 808 qid
640 758 784 798 abierit
811 760 852 798 in
881 763 939 799 id.-
980 762 1038 799 sie
1069 761 1155 799 sere
1184 773 1264 798 non
1293 759 1432 799 dubito
1461 762 1558 813 quin
1591 766 1736 803 Muruuu

259 835 345 867 Mum
373 834 526 868 ScAnusr
555 830 606 869 fr.
633 836 655 870 2
682 833 820 879 ecquid
847 830 1124 882 reponendum
1150 831 1201 869 sit
1230 844 1302 881 pro
1336 837 1371 869 et
1401 834 1440 870 id
1449 849 1460 870 ε
1498 833 1616 872 modo
1643 848 1736 886 pos-

258 903 333 942 sim
367 908 510 940 aestate
543 901 766 939 certissime
794 899 1059 952 depravatum
1087 914 1289 953 reparare.
1349 902 1451 952 Legi
1481 909 1522 942 et
1550 904 1737 954 intellegi

217 985 219 987 ’
258 972 419 1025 quidem
443 972 545 1010 haee
578 976 762 1021 possunt:
795 972 931 1019 Itaque
955 974 990 1008 si
1010 973 1148 1019 plures
1177 974 1256 1009 (lies
1283 975 1383 1014 inter
1411 976 1640 1011 medicorum
1661 976 1736 1011 dis·

256 1055 402 1081 cessam
432 1047 468 1080 et
496 1044 707 1080 adventum.
722 1043 933 1089 pollictor-is
961 1034 1239 1089 interfuerunt,
1269 1046 1406 1091 ecquid
1433 1049 1560 1089 restet,
1593 1047 1731 1082 videas.

258 1112 458 1151 Oehlerus
491 1111 689 1164 quomodo
721 1124 836 1163 quae·
853 1109 980 1150 edidit
1009 1112 1290 1159 interfuerunt,
1317 1118 1353 1150 et
1380 1116 1420 1151 id
1439 1120 1583 1152 aestate
1609 1117 1736 1152 videas

257 1182 510 1234 explicuerit,
541 1181 701 1232 legatur
730 1181 837 1233 apud
857 1182 999 1232 ipsum.
1046 1180 1187 1219 Redeo
1219 1182 1334 1220 illuc:
1372 1183 1520 1225 etenim
1549 1196 1626 1236 quo
1656 1198 1736 1222 non

255 1252 381 1291 semel
409 1252 450 1290 in
477 1251 538 1290 his
569 1250 750 1303 reliquiis
779 1252 928 1290 firmari
952 1257 1021 1290 aut
1043 1251 1226 1292 adiuuari
1247 1252 1570 1292 emendationem
1592 1267 1734 1306 exper-

255 1330 319 1362 tus
361 1335 469 1371 sum,
491 1322 553 1372 ,id
589 1323 631 1361 111
663 1323 741 1361 1106
774 1336 934 1375 quoque
973 1323 1198 1372 fragmento
1238 1322 1446 1362 commode
1484 1324 1652 1373 accidit,
1690 1331 1735 1363 ut

253 1392 438 1445 perfecta
467 1391 746 1431 emendatione
778 1394 932 1432 numeri
956 1399 1205 1445 appareant,
1236 1406 1335 1446 quos
1365 1394 1422 1431 ita
1454 1393 1646 1445 refingas:

453 1457 606 1511 Tuquit,
638 1467 735 1509 iuro,
766 1471 809 1502 ut
836 1466 903 1502 do's
930 1478 954 1502 a
980 1466 1128 1513 femina
1159 1464 1377 1511 az'cs'eratur.
1427 1465 1529 1512 quae'
1555 1468 1647 1504 milae·

457 1535 710 1583 Posteaquam
738 1535 841 1574 dicta
871 1541 927 1574 est
958 1538 1010 1573 ad
1037 1535 1280 1573 concordiam

329 1594 331 1596 .
368 1604 529 1643 Deinde
561 1606 775 1656 corrigam,
815 1605 849 1644 si
874 1610 1037 1657 potero,
1075 1608 1223 1642 sennim
1249 1608 1340 1641 ΠΕΡι
1368 1600 1606 1645 Apxmncnus'
1633 1608 1682 1647 fr.
1713 1616 1735 1649 5

254 1678 479 1724 Occipitiam
507 1691 531 1714 a
560 1679 640 1715 rivo
662 1679 730 1714 deo
751 1679 916 1722 ostendo,
940 1687 999 1732 'ex
1020 1678 1149 1714 oraclo
1168 1678 1316 1714 elimino
1338 1688 1405 1732 me.
1448 1676 1515 1715 Sic
1534 1676 1735 1717 Oehlerus

204 1771 211 1777 ·
257 1746 449 1785 Gulielmi
477 1746 752 1801 Scriveriique
786 1733 867 1785 tam
905 1746 1227 1785 emendationem
1265 1760 1386 1798 quam
1424 1747 1735 1798 explicationem

254 1823 437 1864 secutus,
473 1831 640 1869 quorum
675 1817 742 1855 hic
778 1822 883 1854 teste
922 1815 1099 1855 Oehlero
1139 1815 1252 1866 (nam
1282 1818 1370 1874 ipse
1402 1805 1644 1857 Scriverium
1673 1818 1733 1855 in-

253 1890 410 1940 spicere
435 1902 516 1926 non
543 1887 728 1940 possum)
758 1888 815 1925 ita
843 1886 970 1926 verba
1000 1895 1179 1925 enarrat:
1217 1887 1309 1933 ‘ait,
1337 1887 1378 1924 ni
1409 1886 1540 1934 fallor,
1573 1899 1616 1925 se
1646 1887 1732 1925 rivo

256 1959 437 1998 ablutum
477 1959 552 1997 deo
587 1971 631 1997 se
669 1958 855 2006 stetisse3
896 1961 980 1995 tum
1014 1957 1175 1995 oraculo
1207 1955 1342 1995 audito
1374 1956 1566 2007 templum
1597 1969 1731 2006 egres-

255 2044 340 2069 sum
378 2030 500 2068 esse?
560 2029 609 2067 In
642 2027 788 2080 quibus
825 2027 945 2065 miror
972 2013 1143 2078 primum
1170 2027 1284 2065 illum
1312 2028 1450 2066 nescio
1477 2040 1596 2079 quem
1627 2027 1732 2066 occi-

254 2103 394 2153 pitium
426 2101 560 2153 potius
598 2098 779 2137 ablutum
815 2111 935 2149 quam
963 2097 1030 2135 vel
1056 2097 1203 2136 faciem
1231 2097 1299 2136 vel
1329 2093 1468 2136 manus
1500 2097 1576 2136 deo
1599 2103 1731 2136 osten-

255 2171 372 2210 dere:
418 2177 460 2209 et
491 2169 670 2208 auditum
708 2181 798 2206 esse
829 2167 1035 2206 oraculum
1066 2168 1107 2205 in
1139 2167 1330 2206 Scriverii
1363 2168 1526 2220 quidem
1556 2169 1732 2220 explica-

253 2242 374 2286 tione,
403 2253 484 2278 non
515 2241 556 2277 in
583 2238 719 2277 verbis
748 2239 941 2292 Varronis
970 2238 1139 2288 legitur:
1173 2243 1213 2276 et
1243 2232 1378 2277 tamen
1402 2238 1480 2278 hoc
1509 2238 1589 2277 diei
1610 2238 1731 2278 debe·
1784 2237 1787 2239 ’

253 2311 323 2350 bat
352 2316 445 2349 ante
477 2323 526 2348 ea
554 2322 606 2348 ex
634 2313 762 2349 oraclo
791 2311 940 2347 elimino
968 2320 1037 2346 me.
1097 2309 1243 2361 Neque
1271 2311 1428 2347 Arivum
1455 2306 1577 2354 deum,
1613 2322 1732 2361 quem

251 2382 407 2432 Popma
437 2381 702 2430 excogitavit,
746 2380 788 2417 in
813 2391 945 2416 meum
974 2379 1241 2429 patrocinium
1271 2380 1515 2430 receperim:
1557 2378 1732 2431 denique

251 2449 541 2500 Laurenbergii
559 2444 668 2499 ’Ἄρει
696 2452 776 2494 deo,
807 2447 924 2487 Iunii*
944 2462 1051 2486 armo
1081 2452 1161 2494 deo,
1193 2449 1374 2488 Turnebi
1399 2464 1422 2488 α
1445 2452 1540 2488 Rivo
1563 2452 1631 2488 deo
1650 2463 1732 2488 non
1780 2442 1782 2444 θ

250 2534 396 2560 vereor
436 2533 488 2558 ne
523 2520 614 2571 quis
650 2524 802 2556 temere
834 2532 858 2556 a
886 2532 949 2557 me
978 2520 1184 2571 repudiari
1217 2526 1373 2571 arguat.
1433 2519 1526 2558 Una
1551 2518 1731 2558 litterula

251 2596 404 2630 mutata
432 2589 474 2628 in
498 2588 689 2628 librorum
717 2589 910 2627 memoria
943 2587 1065 2639 (Non.
1088 2604 1128 2641 p.
1150 2596 1231 2638 292,
1253 2590 1319 2641 23)
1357 2593 1467 2628 ariao
1492 2592 1560 2627 deo
1580 2589 1730 2629 veritas

253 2660 471 2700 constabit:
513 2661 736 2708 Occipitium
773 2662 894 2697 arduo
924 2662 992 2697 deo
1023 2663 1200 2710 ostendo,
1238 2672 1290 2698 ecc
1321 2663 1450 2698 oraclo
1480 2661 1628 2697 elimino
1660 2670 1729 2698 me.

251 2732 410 2783 Nempe
441 2733 637 2768 ostendere
667 2732 899 2778 occipitium,
928 2730 1036 2781 quod
1066 2730 1280 2770 Turnebus
1312 2731 1490 2782 explicat
1519 2729 1561 2766 in
1586 2728 1729 2767 adver-

252 2802 367 2840 sariis
399 2800 550 2838 XXIX
575 2805 632 2847 27,
665 2805 726 2838 est
751 2798 862 2838 abire
893 2805 934 2838 et
964 2799 1187 2839 discedere.
1248 2800 1312 2839 Of.
1342 2801 1471 2839 Varro
1503 2797 1552 2837 de
1578 2811 1621 2836 re
1643 2811 1729 2837 rus-

250 2872 332 2910 tica
359 2871 380 2909 I
406 2876 449 2916 8,
480 2876 502 2911 6
540 2870 602 2908 Ibi
634 2872 807 2908 dominas
842 2872 956 2908 simul
991 2883 1038 2908 ac
1072 2873 1163 2909 vidit
1190 2871 1403 2917 occipitium
1441 2870 1730 2913 vindemiatoris,

1794 1644 1795 1647 ’
1808 1637 1836 1664 θ
