1898 3236
758 259 1102 296 commensus.
1622 257 1677 298 49

191 382 368 421 agnosco
398 383 489 409 eum
523 383 642 423 quem
670 383 792 423 supra
824 370 1042 424 perstrinxi
1077 382 1193 408 usum
1212 370 1463 422 praemissae
1484 382 1504 408 s
1526 370 1681 423 impuro

187 443 204 489 i*
232 439 300 479 vel
339 453 358 478 e
391 440 560 480 vocalis.
619 447 762 480 mutam
793 449 928 481 autem
958 455 1040 494 quo
1069 440 1315 492 corrigatur,
1340 455 1422 480 non
1450 447 1586 493 potest
1612 442 1681 480 vel

188 510 320 550 lenius
356 512 424 551 vel
453 510 513 554 rei
541 511 885 555 accommodatius
916 509 1140 560 excogitari
1169 524 1291 564 quam
1320 516 1458 557 vitrum
1488 514 1678 557 Merceri.

302 582 527 634 Supersunt
555 595 713 634 paucae
743 582 794 622 de
824 582 902 620 hac
923 587 1061 621 satura
1083 571 1294 636 reliquiae,
1326 583 1471 636 quibus
1497 597 1579 622 non
1608 597 1678 636 po-

187 643 246 693 tui
282 653 324 699 in
351 636 638 693 reconcinnato
668 658 905 706 argumento
945 653 1086 692 sedem
1115 654 1355 705 assignare:-
1384 655 1463 694 nisi
1491 654 1600 708 quod
1632 654 1678 693 il-

186 724 256 763 lud
295 724 470 763 diluculo
492 718 702 778 apparet,
745 726 972 765 Varronem
1011 732 1178 777 praeter
1218 726 1600 775 demonstrativum,
1638 727 1679 766 in

186 808 265 847 quo
292 795 465 834 maxime
490 795 595 834 haec
627 802 765 835 satura
793 801 995 844 versatur,
1029 796 1287 850 eloquentiae
1316 810 1444 848 genus
1461 798 1598 836 ‘etiam
1618 798 1677 836 iu-

186 865 333 905 diciale
365 872 405 906 et
434 867 556 906 civile
578 868 777 920 tetigisse.
823 867 892 907 Ad
920 867 1023 906 illud
1042 868 1177 907 refero
1196 868 1300 906 haec
1322 868 1400 906 duo
1427 869 1676 920 fragmenta:

295 969 361 1007 XI
395 968 450 1021 (4)
490 972 661 1009 Praetor
697 976 821 1009 vester
852 972 995 1019 eripuit
1027 972 1121 1008 mihi
1147 973 1374 1019 pecuniam:
1415 973 1462 1009 de
1490 983 1536 1009 ea
1567 982 1677 1020 ques-

239 1046 316 1077 tum
354 1043 406 1078 ad
441 1054 585 1079 annum
619 1043 767 1079 veniam
799 1044 851 1079 ad
880 1054 1017 1079 novum
1047 1044 1332 1090 mayistratu'm‚
1370 1054 1455 1079 cum
1485 1042 1548 1079 hic
1577 1054 1676 1089 rapo

239 1114 413 1150 umbram
441 1124 589 1162 quoque
617 1115 702 1161 spei
733 1114 965 1150 devorasset.

182 1214 230 1252 In
267 1228 345 1267 quo
385 1199 522 1253 nescio
569 1228 621 1253 an
656 1214 808 1252 rectius
853 1209 1066 1252 devorassit
1102 1213 1315 1253 scribatur.
1374 1215 1440 1254 De
1470 1213 1674 1252 locutione

181 1287 233 1323 ad
260 1299 403 1324 (annum
435 1284 497 1338 (ut
525 1291 706 1325 nostrum
735 1286 827 1336 qufs
856 1286 972 1334 Jakr)
1005 1285 1099 1324 vide
1120 1285 1427 1324 Lachmannum
1447 1286 1499 1324 ad
1521 1286 1673 1325 Lucre-

179 1355 225 1393 tii
243 1356 294 1395 ,II
323 1362 382 1398 44.

293 1459 381 1497 XII
414 1458 470 1510 (6)
513 1460 557 1497 Si
592 1465 628 1497 et
666 1464 872 1497 accusator
902 1462 939 1495 et
965 1469 1057 1495 reus
1086 1463 1200 1495 erunt
1224 1460 1481 1505 tenebriones,
1512 1466 1674 1508 uterque

236 1534 442 1577 utrumque
473 1533 700 1578 vituperato.

181 1618 354 1677 Civilem
390 1626 524 1658 autem
564 1619 797 1661 facundiam
834 1630 1030 1668 agnosco·
1049 1618 1090 1656 in
1117 1617 1194 1656 hoe
1222 1618 1472 1669 fragmento,
1508 1621 1616 1674 quod
1649 1636 1671 1660 e

179 1689 353 1728 Merceri
385 1690 617 1729 coniectura
645 1689 798 1729 scribo:
1268 1693 1271 1695 ⁴

290 1780 402 1818 XIII
434 1780 490 1833 (7)
529 1782 604 1827 Qui
626 1787 754 1830 potest
789 1784 875 1819 laus
909 1782 1031 1818 videri
1067 1786 1186 1818 vera?
1223 1793 1308 1818 eum
1337 1784 1525 1820 innocuus
1551 1795 1671 1832 aeque

230 1852 368 1901 furaci
403 1854 452 1890 sit
484 1863 640 1902 servus²
681 1865 727 1890 ac
751 1854 1006 1902 nequissimus
1033 1853 1126 1889 civis
1150 1853 1264 1896 iuxta
1299 1866 1347 1890 ac
1373 1855 1534 1897 Publius
1562 1855 1670 1903 Afri-

232 1936 365 1962 canus.

175 2014 224 2052 In
251 2013 398 2066 quibus
425 2014 586 2053 facilius
616 2020 679 2053 est
711 2014 847 2052 dicere
877 2014 976 2067 quid
998 2014 1226 2067 displiceat,
1259 2029 1380 2069 quam
1400 2029 1543 2055 verum
1567 2016 1667 2055 divi-

174 2098 273 2123 nare
323 2099 373 2124 ex
411 2086 490 2124 hac
516 2085 697 2137 graviter
733 2091 922 2136 corrupta
952 2085 1077 2124 Nonii
1106 2087 1299 2125 memoria
1333 2101 1374 2138 p.
1402 2092 1493 2134 322,
1521 2093 1562 2128 6:
1603 2090 1671 2136 qui

168 2162 295 2204 potest
323 2159 410 2195 laus
439 2160 564 2195 videri
587 2163 726 2195 versa?
750 2169 835 2193 cum
856 2162 980 2194 motus
999 2168 1116 2205 saepe
1131 2159 1297 2206 furaces
1318 2169 1498 2205 essemus,
1531 2171 1578 2195 ac
1603 2169 1668 2195 ne-

173 2231 381 2277 quissimus·
406 2230 478 2266 ibis
505 2231 618 2266 inccta
648 2240 695 2265 ac
723 2229 884 2265 Publius
912 2227 1138 2275 Africanus.

256 2462 258 2464 v
290 2409 424 2460 Pergo
459 2408 512 2447 ad
542 2409 703 2447 tertiam
731 2415 923 2456 saturam,
959 2420 1080 2461 quam
1110 2406 1545 2462 eodem-‚componendi
1571 2409 1663 2450 arti-

174 2480 264 2518 ficio
296 2480 526 2518 distinctam
555 2479 686 2518 videri
712 2479 870 2528 monui,
910 2493 1020 2534 eam,
1054 2479 1118 2518 cui
1144 2479 1429 2531 pervulgatum
1460 2472 1665 2529 Δελφικὸν

171 2545 332 2606 γράμμα

702 2619 860 2655 ΓΝΩΘῙ
896 2620 1129 2658 ΣΕΑΥΤΟΝ

171 2711 408 2765 inscriptum
428 2719 502 2752 est.
544 2713 638 2752 Non
650 2713 765 2752 licuit
783 2713 947 2766 quidem
966 2714 1063 2752 mihi
1081 2714 1215 2753 omnia
1240 2713 1328 2752 eius
1343 2714 1575 2764 fragmenta
1590 2727 1662 2753 suo

171 2782 312 2822 ordine
333 2783 549 2836 disponere
575 2791 616 2823 et
631 2784 855 2826 illustrare:
886 2785 964 2824 hoc
980 2791 1116 2825 tamen
1133 2791 1325 2824 accurata
1343 2798 1480 2823 eorum
1496 2788 1662 2837 perves-

169 2854 312 2905 tigatio
328 2856 466 2908 paullo
484 2856 633 2895 certius
654 2855 844 2907 prodidit,
863 2869 985 2908 agere
1005 2871 1094 2896 eam
1110 2854 1201 2908 περὶ
1216 2855 1465 2906 φιλοσοφίας,
1486 2861 1526 2894 et
1540 2870 1663 2908 agere

170 2926 242 2973 ita,
270 2932 315 2965 ut
338 2928 410 2975 eis,
435 2925 580 2979 quibus
601 2932 746 2965 natura
768 2940 901 2965 rerum
926 2929 1173 2980 exploretur,
1200 2926 1528 2978 indagationibus
1548 2940 1660 2979 pror-

237 2994 415 3036 vianna,
442 2992 551 3026 Com.
570 3004 609 3027 m
627 2994 747 3027 vinu.
767 3004 846 3026 sar.
1363 2995 1389 3033 4
