1898 3236
738 298 1081 331 comac'rAnnA.
1545 339 1549 342 ¹
1601 290 1655 330 59

171 412 248 445 tur.
307 406 365 445 At
398 407 439 445 in
472 406 666 446 Varronis
703 406 905 445 sententia
937 405 1119 458 proxime
1146 404 1375 457 appositum
1403 405 1479 444 viri
1510 419 1656 459 nomen

173 478 361 517 videatur
390 477 512 516 alicui
542 478 620 517 hoc
649 476 945 525 commendare,
975 482 1021 515 ut
1050 476 1215 515 viratam
1243 475 1283 517 h.
1307 489 1343 515 e.
1365 475 1473 515 virili
1493 476 1656 527 ingenio

172 550 399 603 praeditum
431 550 562 588 animo
599 545 880 587 informemus:
920 546 963 585 id
991 547 1099 599 quod
1130 553 1224 600 post
1254 547 1354 588 alios
1393 554 1556 587 secutus
1595 553 1658 586 est

174 622 396 670 Oehlerus,
428 632 671 674 quamquam
694 618 891 656 rationem
921 618 1007 657 eius
1037 631 1061 656 a
1084 618 1288 656 Lu'ciliani
1318 618 1495 671 exempli
1523 618 1655 657 diver-

173 694 293 732 sitate
327 692 497 744 petitam
534 691 687 730 reiici0.
755 690 820 728 Ea
856 702 955 729 vero
995 690 1271 728 controversia
1312 702 1391 742 quo
1435 688 1655 736 dirimatur,

170 764 266 803 inde
295 762 517 803 subsidium
547 760 727 809 accedit,
757 759 867 813 quod
895 760 1079 799 Kochius
1105 760 1147 798 in
1176 759 1371 799 Varronis
1394 758 1543 799 verbis*
1561 758 1656 798 dac-

169 836 316 888 tylicos
346 824 534 873 numeros
563 831 785 884 persensit:

976 910 1020 948 Si
1044 922 1120 948 non

371 985 482 1022 Malit
514 985 570 1022 vir
601 985 746 1021 viratus
770 983 916 1038 *habere
945 993 1108 1020 uoeorem
1138 982 1369 1019 Atalantam.

168 1078 309 1115 habere
346 1087 509 1114 uxorem
544 1074 672 1126 ipsius
707 1072 1014 1124 transpositioni
1051 1071 1236 1111 debetur.
1295 1071 1455 1124 Nempe
1484 1071 1562 1110 hac
1593 1085 1655 1110 re-

167 1146 416 1186 stauratione
447 1144 632 1184 Kochius
667 1149 708 1183 et
746 1143 867 1182 vitati
902 1156 1050 1182 nomen
1082 1156 1107 1181 a
1141 1142 1228 1182 viro
1259 1147 1300 1182 et
1328 1142 1516 1182 viriatum
1545 1157 1570 1182 a
1597 1143 1655 1181 vi-

167 1218 277 1257 ribus
309 1217 525 1270 repetitum
554 1214 696 1254 statuit
726 1213 905 1262 excludi,
934 1213 1092 1252 admitti
1121 1218 1258 1252 autem
1287 1218 1329 1252 et
1358 1214 1531 1253 vitatum
1552 1228 1578 1254 a
1595 1215 1654 1254 vi-

168 1289 278 1328 ribus
307 1287 525 1327 deductum
565 1291 606 1326 et
638 1286 847 1333 viriatum,
883 1283 991 1337 quod
1023 1277 1138 1323 est‘a
1167 1284 1293 1322 viriis.
1354 1283 1411 1322 At
1439 1289 1576 1326 tamen
1605 1283 1656 1323 de

169 1361 255 1399 eius
283 1359 456 1398 veritate
483 1356 748 1396 restitutionis
779 1356 876 1394 mihi
909 1355 1142 1408 scrupulum
1173 1354 1359 1405 Scaliger
1385 1353 1554 1402 addidit,
1588 1355 1656 1407 qui

169 1431 221 1470 ad
250 1432 418 1470 Festum
445 1443 477 1467 s.
510 1443 550 1467 v.
582 1431 730 1466 vivatus
752 1428 926 1467 Varroni
952 1429 1136 1466 viraciam
1175 1427 1215 1466 h.
1249 1440 1284 1465 e.
1322 1430 1367 1463 ut
1404 1425 1495 1477 ipse
1525 1425 1655 1477 expli—

171 1508 236 1540 cat
260 1492 516 1551 ἀντιάνειραν
537 1497 730 1537 vindicat.
778 1497 828 1536 Id
858 1497 967 1550 quod
997 1511 1087 1536 cum
1116 1497 1254 1535 Nonii.
1267 1495 1461 1535 memoria
1488 1494 1654 1534 adiuve-

168 1578 246 1619 tur,
276 1571 389 1609 cuius
417 1571 459 1608 in
481 1569 672 1608 lemmate
698 1574 761 1607 est
789 1571 955 1607 veroium
988 1573 1029 1607 et
1056 1568 1098 1606 in
1123 1567 1316 1617 Varronis
1347 1566 1533 1620 exemplo
1562 1567 1655 1605 Lei-

170 1641 305 1680 densis
335 1639 499 1694 quidem
529 1625 731 1686 viraccias,
760 1652 797 1677 m
826 1651 949 1691 supra
977 1652 998 1678 s
1026 1639 1190 1691 scripto,
1222 1636 1398 1685 exhibet,
1427 1643 1510 1676 tum
1540 1639 1654 1676 femi—

168 1712 252 1751 nini
282 1711 561 1759 accusativus,
600 1710 670 1763 qui
705 1722 758 1749 ne
796 1708 976 1749 Oehlero
1005 1709 1170 1762 quidem
1207 1708 1435 1760 displicuit,
1475 1709 1655 1761 apprime

167 1783 246 1821 loci
274 1768 517 1821 sententiam
549 1780 743 1832 illustrat:
774 1785 819 1819 ut
839 1780 926 1820 sive
954 1782 1070 1819 virati
1094 1780 1181 1819 sive
1212 1782 1340 1819 viriati
1366 1783 1514 1823 nomen
1546 1779 1656 1832 (nam

169 1856 302 1892 viracii
328 1853 497 1891 formam
521 1851 719 1903 Scaligeri
747 1863 829 1890 nnn
854 1843 985 1890 habeo
1014 1851 1083 1903 qui
1111 1850 1242 1902 tuear)
1276 1849 1542 1903 approbatur,
1578 1850 1656 1889 hoc

167 1929 320 1963 certum
357 1922 545 1963 videatur
580 1922 696 1970 mihi,
732 1935 814 1961 non
851 1921 927 1975 xsiri
963 1920 1038 1959 sed
1075 1921 1213 1959 uxoris
1250 1921 1401 1974 requiri
1434 1921 1655 1974 epitheton.

168 1995 288 2035 Unde
318 1994 468 2034 Kochii
500 2007 643 2032 versus
673 1993 754 2032 iam
785 1993 844 2031 sic
874 1992 1020 2031 mutari
1050 1990 1191 2030 debet:

369 2087 480 2124 Malit
505 2088 562 2124 vir
592 2088 767 2123 vir-iatam
799 2085 941 2122 habere
967 2095 1132 2122 uxorem
1161 2070 1382 2120 Atalantam
1442 2112 1444 2114 .

163 2177 234 2216 vel
262 2178 296 2216 si
323 2176 454 2216 semel·
479 2175 702 2215 admittitur
730 2174 884 2222 hiatus,
924 2173 1067 2213 eodem
1091 2173 1178 2212 iure
1205 2173 1291 2211 sine
1320 2173 1653 2224 transpositione:

370 2262 483 2305 Malit‘
510 2270 569 2305 vir
598 2269 776 2305 vir-iatam
804 2276 968 2322 zcxoqem
995 2266 1137 2302 habere
1166 2265 1398 2301 Atalantam.
1468 2283 1477 2292 ·

177 2362 362 2397 Vir-iatam
390 2356 498 2410 quod
523 2356 639 2408 posui
668 2355 831 2394 videtur
858 2361 950 2407 apte
982 2354 1034 2393 de
1056 2353 1251 2392 Atalanta
1273 2365 1322 2392 ea
1345 2353 1386 2391 vi
1409 2353 1503 2401 dici,
1533 2367 1653 2406 quam

167 2443 290 2482 snpra
335 2442 386 2467 ex
430 2426 589 2466 Isidoro
634 2426 854 2466 illustravi:
908 2426 959 2465 de
1005 2427 1153 2464 viratus
1189 2437 1291 2468 voce
1330 2439 1354 2463 a
1391 2425 1543 2464 viribus
1582 2425 1652 2464 du—

166 2500 273 2546 bito,
308 2498 467 2551 reliqua
497 2496 777 2537 excluduntur.
833 2497 981 2536 Hiatus
1015 2510 1135 2544 vero,
1175 2497 1245 2549 qui
1274 2501 1336 2535 est
1364 2497 1406 2535 in
1435 2509 1484 2535 eo
1516 2509 1652 2544 versu,

166 2583 249 2608 non
282 2568 406 2608 habet
442 2569 504 2608 sui
541 2568 672 2608 simile
708 2569 751 2607 in
787 2569 846 2607 eis
883 2567 1102 2620 exemplis,
1141 2580 1246 2619 quae
1282 2565 1569 2605 Lachmannus
1602 2566 1654 2605 ad

167 2641 347 2679 Lucretii
372 2640 415 2679 II
444 2646 510 2682 991
540 2653 580 2692 p.
609 2646 674 2681 131
702 2644 743 2678 et
767 2638 811 2678 H
836 2643 906 2680 466
934 2652 976 2691 p.
1007 2645 1076 2679 loo
1114 2637 1351 2690 composuit.
1411 2637 1494 2676 Sed
1530 2637 1654 2676 habet

167 2712 339 2751 fortasse
355 2712 559 2764 geminum
578 2711 620 2749 in
640 2709 703 2749 his
721 2709 915 2780 Varronis
935 2709 1132 2762 reliquiis.
1164 2714 1372 2748 Eunsmnun
1394 2708 1500 2747 enim
1520 2709 1567 2747 fr.
1589 2714 1652 2750 17:

368 2805 539 2850 Hospes,
564 2803 657 2851 quid
683 2803 977 2866 miras'animos
1000 2812 1143 2839 curare
1174 2801 1377 2849 Serapim?

437 2875 560 2920 Quid?
596 2875 710 2922 quasi
732 2885 808 2910 non
835 2877 949 2911 curat
977 2874 1159 2910 tantidem
1187 2872 1437 2923 Aristoteles?

168 2978 257 3003 cum
290 2967 471 3003 tantidem
506 2968 694 3016 correpta
729 2962 864 3002 media
892 2960 1055 3014 probari
1091 2966 1288 3014 nequeat,
1325 2959 1546 2999 videndum
1575 2965 1650 3007 est,
