1898 3236
208 202 290 244 216
779 214 1120 247 CONJEGTANEA.

179 305 378 370 ⁴hospitis
417 317 631 366 scriberet,
671 325 836 358 versata
872 319 922 358 ob
963 320 1104 370 oculos
1141 334 1230 359 esse
1264 322 1385 363 valde
1430 322 1692 374 probabiliter

209 391 449 442 suspicatur.
511 388 587 428 Oui
625 402 714 428 cum
743 390 785 428 in
815 403 864 429 ea
891 404 934 429 re
971 390 1238 443 adstipuletur
1268 392 1540 440 Merckhnus,
1571 394 1693 438 miror

209 459 383 499 eundem
421 472 467 497 eo
499 458 669 498 Arnobii
694 461 923 499 testimonio
955 461 1034 509 uti,
1074 474 1153 513 quo
1181 462 1222 500 in
1252 464 1398 502 saturis
1427 463 1690 502 Varronianis

189 528 261 583 *de
295 529 437 580 piratis
471 527 717 581 disputatum
751 531 877 570 fuisse
914 532 1141 571 convincat.
1188 532 1334 584 Itaque
1366 534 1515 572 corruit
1546 538 1586 572 et
1612 533 1692 572 hoc

210 600 355 639 indicis
392 600 499 638 illius
538 596 624 651 περὶ
665 600 862 651 πειρατῶν
898 601 1162 653 praesidium,
1205 608 1244 640 et
1279 603 1359 642 alia
1389 616 1492 655 quae
1523 602 1583 641 illi
1612 609 1692 641 tes-

209 672 372 710 timonio
411 671 677 722 superstruxit
707 671 938 722 complura·
985 671 1074 709 Nec
1107 678 1243 711 tamen
1273 686 1363 712 cum
1391 674 1543 726 piratas
1572 673 1691 713 relin—

210 755 350 794 quam,
395 741 619 781 obstinatus
657 741 817 782 obtineo
857 741 1063 792 vulgatam
1099 743 1371 795 inscriptionis
1409 744 1578 783 formam
1602 740 1692 795 περὶ

209 813 278 851 τοῦ
307 806 496 864 γράφεινε
527 813 645 850 immo
674 813 707 850 si
736 812 832 850 licet
861 811 900 849 in
932 824 973 850 re
1004 813 1158 865 incerta
1177 805 1319 852 ludere
1351 816 1595 863 coniectura,
1623 814 1692 853 de-

210 883 417 922 sultorium
453 882 588 921 malim
624 896 703 920 non
742 883 781 920 in
814 882 1051 921 translatam
1083 883 1282 938 aliquam,
1319 883 1399 922 sed·
1420 885 1461 925 in
1486 885 1690 937 propriam

210 954 291 992 vim
324 954 436 993 vocis
476 952 526 991 de
563 966 609 992 eo
647 953 834 1004 accipere
881 948 1037 1006 ‘traicit
1085 954 1238 992 alterno
1289 956 1356 1006 qui
1394 955 1486 993 leve
1533 941 1697 1006 pondus*

213 1025 358 1078 equo',
401 1024 464 1062 cui
502 1035 553 1061 ex
596 1023 725 1061 altera
763 1029 879 1075 parte
919 1024 1167 1076 respondeat
1204 1025 1410 1077 inscriptio
1448 1021 1538 1075 περὶ
1576 1022 1691 1062 ἵππο-

210 1089 389 1145 τρόφων,
427 1107 478 1131 ne
515 1106 564 1131 ea
594 1093 755 1145 quidem
786 1093 835 1137 ab
863 1094 1153 1146 exemplarium
1180 1096 1372 1152 memoria
1399 1095 1517 1133 nimis
1545 1095 1713 1134 aliena.'

211 1165 267 1204 Ut
299 1165 428 1204 Varro
468 1163 803 1215 quemadmodum
843 1163 882 1200 in
920 1167 1115 1200 MELEAGms
1160 1165 1336 1204 venandi
1374 1165 1599 1212 licentiam,
1638 1167 1694 1204 ita

211 1236 251 1274 in
287 1235 365 1273 hac
405 1240 541 1272 satura
579 1223 713 1271 nimia*
735 1233 794 1271 rei
827 1234 1018 1285 equariae
1049 1235 1182 1274 studia
1212 1242 1469 1288 persectatus
1496 1237 1558 1275 sit.
1619 1236 1692 1275 At-

210 1313 345 1345 tamen
383 1303 719 1354 circumspicienti
757 1303 853 1341 mihi
887 1304 987 1348 nihil
1024 1318 1102 1357 quo
1136 1319 1221 1344 eam
1254 1306 1463 1353 ,stabiliam
1500 1312 1568 1346 aut
1599 1320 1691 1346 con-

209 1376 361 1415 firmem
393 1374 662 1413 coniecturam
691 1374 878 1412 occurrit.

203 1439 208 1442 ”
323 1447 387 1485 De
415 1446 547 1495 Gloria
577 1442 666 1495 περὶ
690 1439 849 1494 φθόνου
869 1459 999 1484 meam
1020 1448 1248 1499 exprompsi
1266 1442 1509 1501 sententiam
1529 1463 1568 1500 p.
1590 1455 1613 1489 4
1631 1462 1692 1501 sq.

211 1517 404 1570 Reliquos
434 1514 590 1562 titulos,
624 1528 723 1566 quos
752 1515 1003 1555 Mercklinus
1031 1524 1247 1569 praeterea
1275 1519 1432 1569 tetigit,
1462 1518 1556 1557 nolo
1586 1531 1708 1561 nunc.

211 1588 406 1626 curiosius
437 1586 647 1638 persequi:
689 1599 820 1638 neque
862 1586 913 1625 ad
945 1587 1200 1639 logistoricos
1230 1589 1447 1641 exspatiari
1480 1589 1600 1637 licet,
1643 1588 1692 1628 de

211 1658 355 1712 quibus
393 1657 470 1695 hoc
506 1662 661 1694 tantum
695 1671 859 1706 moneo,
894 1659 989 1697 mihi
1019 1658 1141 1697 valde
1169 1658 1330 1710 probari
1362 1660 1470 1712 quod
1500 1666 1692 1712 peracute

210 1729 459 1769 Mercklinus
490 1727 710 1767 intellexit
725 1731 947 1778 Tanaquilis
973 1742 1118 1768 nomen
1146 1743 1247 1767 non·
1256 1729 1403 1778 fuisse,
1437 1729 1545 1782 quod
1570 1729 1693 1780 vulgo

212 1799 474 1847 credebatur,
514 1803 676 1840 saturae
707 1798 963 1851 inscriptum,
996 1784 1070 1839 sed
1097 1800 1300 1851 pertinere
1340 1800 1391 1838 ad
1418 1800 1694 1851 logistoricum

212 1884 322 1918 eum,
365 1870 432 1922 qui
467 1869 542 1907 fuit
577 1872 623 1908 de
652 1872 852 1918 pudicitia.
915 1869 989 1908 Cui
1018 1871 1185 1909 rei·non
1219 1871 1363 1919 obstat,
1396 1871 1504 1923 quod
1533 1871 1695 1910 unicum

212 1938 289 1979 sub'
318 1939 560 1991 Tanaquilis
587 1941 749 1979 nomine
773 1941 938 1979 citatum
965 1941 1235 1991 fragmentum
1264 1955 1303 1993 p.
1334 1944 1387 1982 73'
1408 1942 1491 1979 suis
1517 1942 1692 1980 numeris

211 2010 437 2049 vindicavi:
492 2010 652 2062 quando
700 2025 750 2050 ne
802 2025 825 2049 a
869 2011 1112 2061 logistoricis
1149 2013 1315 2065 ‘quidem
1352 2025 1493 2050 versus
1532 2011 1690 2050 omnino

212 2081 364 2119 alienos
389 2080 516 2119 fuisse
546 2082 626 2119 iam
660 2081 904 2120 credendum
931 2088 1003 2121 est.
1046 2081 1299 2134 Quamquam
1332 2095 1422 2120 cum
1443 2082 1692 2121 Mercklinus

210 2152 297 2190 iure
337 2150 446 2190 dicat
483 2153 716 2200 Ayatlzonem
749 2160 788 2191 et
826 2155 1103 2191 Parmenonem
1132 2166 1254 2205 posse
1281 2166 1410 2205 aeque
1443 2151 1544 2190 bene
1571 2152 1693 2204 logis·

212 2221 348 2260 toricis
383 2234 504 2272 quam
535 2223 681 2261 saturis
714 2222 890 2272 attribui,
922 2224 1058 2276 paullo
1089 2230 1225 2262 tamen
1245 2231 1342 2276 puto
1369 2210 1618 2277 probabilius
1641 2223 1693 2262 ad

212 2298 369 2331 saturas
398 2292 555 2340 referri,
586 2306 675 2332 cum
704 2294 912 2346 utriusque
943 2288 1128 2345 opusculi
1153 2299 1307 2333 tantum
1330 2309 1411 2333 non
1432 2295 1565 2333 omnia
1585 2294 1692 2345 frag·
1731 2337 1736 2341 ,

211 2369 348 2401 menta
385 2363 562 2401 numeris
601 2363 751 2402 fuerint
789 2363 990 2406 conclusa.
1058 2365 1163 2416 Nam
1202 2370 1291 2403 cum
1329 2370 1412 2403 non'
1448 2364 1633 2404 abiudico
1657 2378 1695 2403 ⁴a
1721 2355 1756 2375 ”

210 2434 453 2485 logistoricis
481 2439 620 2482 metra,
653 2441 787 2491 tamen
811 2435 852 2473 in
881 2436 928 2473 iis
956 2441 1038 2473 tam
1057 2449 1201 2487 prosae
1223 2435 1412 2474 orationis
1436 2448 1551 2474 usum
1573 2449 1694 2488 quam

204 2492 252 2542 'in
284 2498 430 2542 saturis
468 2504 747 2555 praevaluisse
786 2518 927 2543 versus
965 2505 1061 2543 mihi
1099 2499 1348 2556 pefsuadeo:
1396 2511 1440 2543 ut
1477 2519 1584 2558 quae
1608 2515 1692 2545 suo

210 2587 359 2625 genere
393 2574 569 2622 discreta
598 2575 748 2613 fuerint
779 2574 994 2627 opuscula,
1036 2575 1155 2613 etiam
1183 2576 1310 2626 ipsius
1336 2576 1474 2627 specie
1501 2576 1694 2646 orationis

212 2644 526 2697 discrepantiam
554 2658 654 2697 prae
681 2658 724 2690 se
756 2645 896 2683 tulisse
926 2644 1154 2683 videantur.
1404 2684 1412 2692 ‚

323 2716 469 2768 Itaque
499 2715 683 2769 relinquo
711 2728 817 2754 nunc
846 2715 978 2753 locum
1007 2714 1298 2763 difficillimum,
1331 2717 1398 2768 qui
1423 2722 1485 2755 est
1506 2704 1556 2754 de
1584 2721 1691 2754 satu-

211 2800 344 2826 rarum
383 2786 508 2824 titulis
547 2786 679 2838 deque
710 2787 856 2832 saturis
896 2786 1220 2838 logistoricisque
1257 2786 1599 2826 internoscendis:
1641 2785 1693 2824 ad

212 2870 331 2909 quem
360 2848 492 2895 locum
520 2857 642 2896 velim
670 2863 762 2910 post
794 2863 863 2896 eas
894 2870 994 2910 quas
1023 2857 1171 2910 protuli
1202 2856 1473 2896 dubitationes
1504 2855 1702 2896 secundis.
