1898 3236
266 225 344 267 146
453 275 457 280 Α
832 230 1174 264 οοΝιΕοΤΑΝΕΑ.

263 340 349 379 deri
393 341 435 378 in
480 339 562 377 illis
598 336 748 389 fabulis
787 336 955 376 solebat.
1022 338 1103 376 Pro
1134 339 1439 382 dirississimum,
1476 336 1584 389 quod
1611 337 1743 375 estin

260 410 373 449 libris
403 425 443 463 p.
468 417 547 457 100,
569 414 632 456 29,
666 421 754 446 eum
785 406 992 447 Wolfenb.
1023 407 1064 445 in
1094 407 1289 457 margine,
1319 405 1474 454 Bamb.,
1507 405 1599 445 edd.
1630 409 1742 444 diris-

257 483 392 518 simum
422 478 658 526 seriberent,
689 477 889 517 Oehlerus
915 479 1124 517 verissime
1147 480 1418 516 derisissimum
1444 477 1636 516 coniecit:
1666 489 1743 514 nec

258 557 394 588 tamen
415 549 534 597 idem,
557 548 665 600 quod
685 562 725 600 p.
746 553 793 589 86
812 550 960 597 monui,
982 548 1332 588 manifestissimos
1355 561 1542 587 numeros
1563 540 1742 598 agnovitss

370 619 570 666 Alterum,
601 618 709 670 quod
741 617 846 667 dixi,
877 632 1005 670 genus
1034 618 1334 671 depravationis
1364 618 1558 671 proximis
1587 616 1742 655 duobus

259 691 497 741 fragmentis
528 689 746 729 indicatur:

369 781 518 820 XXIV
550 779 630 832 (18)
669 781 802 818 Soeius
839 791 879 817 es
917 781 1104 826 hostibus,
1146 783 1258 819 sociis
1287 782 1421 819 bellum
1456 783 1510 818 ita
1539 758 1663 829 yeris,
1701 784 1743 817 ut

256 855 352 891 bella
383 854 508 890 omnia
539 853 687 890 domum
717 853 890 900 auferas,
1453 858 1458 861 ·

369 942 495 982 XXV
527 940 607 993 (19)
637 943 684 980 In
709 944 889 980 invidiam
919 945 1072 980 veniant
1100 944 1139 979 in
1167 937 1238 979 hoe
1268 945 1350 990 ipso
1380 944 1637 990 rapinatores.

257 1033 373 1072 Illius
404 1033 453 1071 fr.
486 1037 526 1070 et
553 1031 679 1070 verba
710 1031 833 1083 (Non.
863 1045 901 1083 p.
933 1037 1020 1078 248,
1052 1031 1111 1083 17)
1145 1032 1322 1070 restituit
1360 1030 1454 1083 (fuit
1484 1032 1589 1069 enim
1616 1033 1742 1068 socius

256 1107 391 1142 bellum
409 1109 560 1142 :tecum
588 1116 660 1154 pro
690 1106 839 1141 domum
868 1102 1100 1155 imprudens
1129 1102 1227 1155 puto
1253 1101 1482 1153 Mercerus)
1515 1107 1555 1140 et
1580 1106 1740 1143 senten-

256 1176 352 1213 tiam
382 1174 600 1212 illustravit
628 1174 856 1213 Mercerus:
895 1173 1068 1212 ‘Verres
1100 1178 1141 1210 et
1167 1173 1268 1211 alios
1293 1172 1335 1211 id
1359 1186 1487 1224 genus
1514 1171 1741 1224 provincia-

256 1258 343 1283 rum
374 1244 583 1296 praesides
613 1245 816 1296 increpat,
854 1242 1000 1295 quibus
1033 1244 1152 1282 nefas
1182 1244 1258 1283 fuit
1286 1244 1515 1296 relinquere
1544 1242 1654 1295 apud
1678 1255 1740 1281 so-

258 1316 354 1364 cios,
382 1314 516 1367 siquid
543 1315 675 1354 visum
706 1313 963 1365 elegantius?
1023 1314 1303 1367 Amphibolia,
1344 1329 1449 1368 quae
1486 1320 1547 1353 est
1579 1315 1621 1352 in
1658 1315 1746 1351 belli

256 1400 371 1434 voce,
402 1385 602 1424 neminem
630 1385 746 1435 fugit.
790 1385 991 1424 versuum
1022 1386 1251 1436 simulacra,
1282 1400 1387 1439 quae
1414 1384 1614 1425 Oehlerus
1640 1382 1740 1422 Ger-

255 1456 433 1495 lachium
462 1469 543 1494 non
570 1454 718 1494 bonum
751 1460 956 1494 auctorem
986 1457 1083 1495 artis
1113 1458 1306 1496 metricae
1339 1461 1500 1496 secutus
1527 1453 1741 1505 signifieat,

255 1527 367 1566 nulla
405 1541 495 1566 esse
532 1526 761 1565 Meinekius
796 1527 1014 1566 admonuit.
1071 1527 1124 1566 Ei
1160 1528 1209 1568 fr.
1250 1528 1436 1567 adhaesit
1471 1526 1663 1573 alterum,
1699 1524 1742 1562 in

255 1611 335 1650 quo
365 1598 510 1636 iniuria
539 1597 739 1637 Oehlerus
768 1601 947 1638 invidiam
973 1601 1167 1637 inveniant
1194 1599 1383 1638 malebat.
1427 1597 1505 1637 Illa
1524 1597 1740 1643 locutione,

256 1681 360 1720 quae
398 1669 536 1706 nescio
578 1682 647 1706 cur
684 1660 895 1721 offensioni
925 1670 999 1718 sit,
1034 1682 1131 1708 usus
1157 1675 1219 1708 est
1247 1671 1316 1709 vel
1334 1656 1558 1709 'Suetonius
1588 1667 1629 1705 in
1658 1666 1742 1705 vita
1799 1709 1802 1712 Δ

255 1737 411 1781 Tiberii
442 1751 477 1776 e.
514 1743 557 1779 8:
602 1732 744 1776 domini
775 1742 814 1777 in
850 1743 1029 1779 invidiam
1065 1747 1259 1779 venerant.
1319 1742 1367 1779 In
1405 1741 1476 1778 hoc
1510 1742 1594 1787 ipso
1627 1738 1666 1776 h.
1705 1751 1740 1776 e.

254 1823 335 1848 non
364 1810 406 1847 in
435 1809 644 1861 rapiendO,
675 1809 814 1848 sedin
846 1824 906 1859 eo,
938 1810 1062 1863 quod,
1094 1810 1431 1862 quemadmodum
1453 1809 1603 1849 Verres
1637 1807 1740 1846 sole-

254 1880 335 1927 bat,
368 1880 419 1919 de
449 1885 567 1932 rapta
595 1880 749 1933 praeda
780 1882 929 1920 amieos
952 1887 993 1921 et
1013 1886 1219 1934 patronos,
1249 1894 1327 1933 quo
1350 1893 1420 1918 eos
1446 1879 1522 1917 sibi
1547 1878 1741 1917 obnoxios
1793 1893 1795 1896 ’

255 1950 442 1999 reddant,
469 1951 679 1989 liberalius
707 1950 951 2002 impertiant.

371 2022 561 2074 Denique
592 2022 696 2061 alius
727 2022 890 2075 quidam
919 2022 1067 2062 abusus
1092 2027 1254 2061 notatur
1281 2022 1359 2060 hoe
1388 2021 1632 2070 fragmento:

367 2112 517 2151 XXVI
542 2111 630 2163 (17)
662 2114 748 2151 Non
776 2119 810 2151 te
835 2116 966 2161 pudet,
998 2115 1126 2159 Mani,
1156 2126 1241 2151 cum
1272 2114 1373 2151 domi
1402 2118 1489 2149 tuae
1521 2112 1624 2147 vides
1652 2121 1739 2146 con-

251 2184 457 2220 militonum
488 2189 639 2220 tuorum
665 2185 830 2221 cohortis
859 2186 978 2221 servis
1008 2187 1083 2220 tuis
1112 2186 1333 2222 ministrare
1363 2187 1586 2221 caementa?

364 2273 413 2310 In
443 2286 522 2325 quo
551 2285 627 2311 nec
656 2274 827 2311 nominis
853 2273 1050 2312 rationem
1079 2287 1154 2311 nee
1186 2287 1345 2312 omnem
1374 2271 1615 2311 sententiam
1644 2270 1738 2307 mihi

250 2341 412 2392 planam
439 2355 529 2380 esse
560 2343 712 2381 fateor:
