1898 3236
153 1673 172 1697 N

774 224 1120 257 comnc'rANEA.
1609 215 1690 257 225

204 331 352 384 ecquid
393 337 522 380 esset,
561 344 640 384 quo
673 345 762 370 eam
802 344 1039 370 excusarem
1074 329 1294 369 licentiam.
1352 330 1473 369 Nunc
1506 336 1692 370 neutrum

204 416 342 442 eorum
366 402 425 441 sic
451 403 510 441 uti
539 402 685 454 scripsi
720 402 818 441 ferri
842 415 966 454 posse
995 400 1091 440 mihi
1120 399 1361 453 persuadeo.
1420 401 1560 456 Atque
1588 402 1691 441 illud

202 474 470 523 fragmentum
495 472 589 512 dum
611 472 1057 520 attentius-„considerm
1087 485 1139 510 ne
1159 474 1370 520 scriptores
1390 472 1554 526 quidem
1579 479 1690 512 recte

201 543 256 583 ibi
291 543 375 595 legi
407 544 613 592 existimo,
656 545 696 582 in
723 556 892 597 quorum
921 542 1055 581 locum
1081 548 1165 581 tam
1195 543 1444 584 concinnitas
1474 546 1691 596 fragmenti

199 628 338 678 quam'
350 619 514 654 saturae
543 620 824 666 argumentum
852 618 1028 652 oratores
1055 613 1190 665 potius
1216 615 1375 653 restitui
1402 615 1566 655 suadet:

875 706 937 742 ille
965 706 1045 742 ales
1069 704 1197 753 ysillus

401 777 477 822 Qui
503 778 712 814 St'cscitabat
738 771 963 814 'Atticarum
992 777 1190 813 mli-earum
1220 777 1396 814 orato'res

399 849 459 885 An
488 847 552 885 hic
580 849 649 896 qui
675 848 903 885 rabularv'cm
930 854 1110 897 yreyem?

197 936 289 988 Quo
325 937 455 975 minus
485 936 644 986 dubito,
683 937 781 990 quin
814 938 935 976 etiam
962 938 1134 976 alterum
1163 937 1264 976 illud
1295 939 1524 990 exemplum
1553 953 1686 979 emen-

197 1007 331 1047 dando
358 1008 445 1046 tolli
475 1007 643 1046 debeat:
683 1008 725 1046 id
750 1007 860 1061 quod
889 1007 1088 1060 quomodo
1113 1007 1231 1047 ‘recte
1260 1009 1354 1057 fiat,
1383 1010 1562 1050 nondum
1591 1012 1686 1050 mihi

195 1084 368 1118 constat.
428 1078 619 1130 Exempli
648 1079 780 1130 gratia
804 1092 1006 1131 propono:

396 1170 522 1207 Novo's
549 1153 712 1207 maritus
740 1170 921 1207 tcffcitulus
950 1171 1073 1207 taaeim
1102 1171 1220 1207 ἀκοή
1247 1170 1448 1209 exolve'bac

397 1240 609 1288 Cinyz'llum.

307 1330 559 1382 Septenariis
590 1330 828 1379 trochaicis,
867 1331 1011 1384 quibus
1038 1345 1078 1385 p.
1100 1337 1170 1372 218
1198 1336 1446 1370 Mvsrssmonnm
1485 1335 1534 1374 fr.
1558 1341 1581 1377 6
1612 1335 1680 1376 de-

192 1401 358 1452 scripsi,
396 1402 535 1440 neseio
561 1414 613 1439 an
646 1401 905 1453 praeferendi
935 1403 1016 1441 sint
1045 1403 1093 1451 ii,
1132 1416 1232 1455 quos
1259 1405 1378 1444 modo
1408 1405 1505 1445 mihi
1533 1407 1681 1447 Fleck-

191 1469 352 1510 eisen'us
386 1471 559 1520 indicat,
591 1473 789 1511 octonarii
817 1464 1006 1511 iambici:

965 1566 1113 1613 inquit,
1137 1567 1242 1612 iziro,
1272 1569 1340 1605 (los
1370 1582 1394 1605 a
1418 1569 1567 1616 fe'mina

398 1633 444 1670 Ut
472 1633 692 1681 adferatur.
729 1637 831 1683 quae'
849 1637 942 1674 mihi
961 1642 1169 1685 postquam
1193 1637 1332 1676 dictast
1352 1641 1405 1677 ad
1422 1642 1678 1682 concordiam.

188 1723 365 1760 Tantum
396 1727 470 1760 est.

299 1811 462 1850 Dabam
516 1814 704 1867 Friburgi
761 1817 1066 1869 Brisigavorum
1116 1818 1182 1858 die
1235 1820 1362 1859 XXV
1405 1834 1457 1860 m.
1505 1823 1590 1862 Mai
1640 1840 1677 1864 a.

185 1881 536 1923 MDCGOLVHI.
1281 1881 1284 1883 ’

242 2942 396 2976 VAHLEN
409 2968 418 2985 ‚
445 2942 554 2976 Com.
572 2955 612 2978 m
628 2945 748 2980 VAnn.
768 2958 848 2982 SAT.
1345 2955 1396 2995 15
