<?xml version="1.0" encoding="UTF-8"?>
<!DOCTYPE html PUBLIC "-//W3C//DTD XHTML 1.0 Transitional//EN"
    "http://www.w3.org/TR/xhtml1/DTD/xhtml1-transitional.dtd">
<html xmlns="http://www.w3.org/1999/xhtml" xml:lang="en" lang="en">
 <head>
  <title>
</title>
<meta http-equiv="Content-Type" content="text/html;charset=utf-8" />
  <meta name='ocr-system' content='tesseract 3.04.00' />
  <meta name='ocr-capabilities' content='ocr_page ocr_carea ocr_par ocr_line ocrx_word'/>
</head>
<body>
  <div class='ocr_page' id='page_1' title='image "./inmterentivarron00vahluoft/inmterentivarron00vahluoft_0030.png"; bbox 0 0 1898 3236; ppageno 0'>
   <div class='ocr_carea' id='block_1_1' title="bbox 235 261 1142 301">
    <p class='ocr_par' dir='ltr' id='par_1_1' title="bbox 235 261 1142 301">
     <span class='ocr_line' id='line_1_1' title="bbox 235 261 1142 301; baseline 0.008 -7"><span class='ocrx_word' id='word_1_1' title='bbox 235 261 286 301; x_wconf 81' lang='lat'>20</span> <span class='ocrx_word' id='word_1_2' title='bbox 801 268 1142 301; x_wconf 80' lang='lat' dir='ltr'><strong>CONIEGTANEA.</strong></span> 
     </span>
    </p>
   </div>
   <div class='ocr_carea' id='block_1_2' title="bbox 230 371 1714 849">
    <p class='ocr_par' dir='ltr' id='par_1_2' title="bbox 230 371 1714 849">
     <span class='ocr_line' id='line_1_2' title="bbox 234 371 1709 424; baseline 0.001 -11"><span class='ocrx_word' id='word_1_3' title='bbox 234 376 411 423; x_wconf 76' lang='lat' dir='ltr'>(sonitum</span> <span class='ocrx_word' id='word_1_4' title='bbox 436 373 642 413; x_wconf 89' lang='lat' dir='ltr'>Wolfenb.</span> <span class='ocrx_word' id='word_1_5' title='bbox 670 371 804 424; x_wconf 90' lang='lat' dir='ltr'>Leid.)</span> <span class='ocrx_word' id='word_1_6' title='bbox 836 377 1010 412; x_wconf 78' lang='lat' dir='ltr'>matris</span> <span class='ocrx_word' id='word_1_7' title='bbox 1043 377 1182 412; x_wconf 84' lang='lat' dir='ltr'>deum</span> <span class='ocrx_word' id='word_1_8' title='bbox 1210 378 1426 413; x_wconf 79' lang='lat' dir='ltr'>tonimus.</span> <span class='ocrx_word' id='word_1_9' title='bbox 1475 376 1660 414; x_wconf 70' lang='lat' dir='ltr'>‘Tibinos’</span> <span class='ocrx_word' id='word_1_10' title='bbox 1685 390 1709 414; x_wconf 86' lang='grc' dir='ltr'><em>α</em></span> 
     </span>
     <span class='ocr_line' id='line_1_3' title="bbox 231 445 1711 484; baseline 0 -1"><span class='ocrx_word' id='word_1_11' title='bbox 231 448 330 483; x_wconf 79' lang='lat' dir='ltr'>tibiis</span> <span class='ocrx_word' id='word_1_12' title='bbox 347 448 486 483; x_wconf 80' lang='lat' dir='ltr'>modos.</span> <span class='ocrx_word' id='word_1_13' title='bbox 528 446 653 482; x_wconf 81' lang='lat' dir='ltr'>Varro</span> <span class='ocrx_word' id='word_1_14' title='bbox 675 445 970 481; x_wconf 74' lang='lat' dir='ltr'>Eumenidibus:</span> <span class='ocrx_word' id='word_1_15' title='bbox 998 447 1191 482; x_wconf 79' lang='lat' dir='ltr'>sonitus</span> <span class='ocrx_word' id='word_1_16' title='bbox 1219 449 1394 483; x_wconf 82' lang='lat' dir='ltr'>matris</span> <span class='ocrx_word' id='word_1_17' title='bbox 1422 448 1555 483; x_wconf 80' lang='lat' dir='ltr'>deum</span> <span class='ocrx_word' id='word_1_18' title='bbox 1586 449 1711 484; x_wconf 79' lang='lat' dir='ltr'>toni—</span> 
     </span>
     <span class='ocr_line' id='line_1_4' title="bbox 230 515 1710 567; baseline -0.001 -14"><span class='ocrx_word' id='word_1_19' title='bbox 230 528 327 553; x_wconf 80' lang='lat' dir='ltr'>mus</span> <span class='ocrx_word' id='word_1_20' title='bbox 357 518 538 552; x_wconf 80' lang='lat' dir='ltr'>tibinos</span> <span class='ocrx_word' id='word_1_21' title='bbox 572 516 662 551; x_wconf 80' lang='lat' dir='ltr'>tibi</span> <span class='ocrx_word' id='word_1_22' title='bbox 692 526 819 552; x_wconf 82' lang='lat' dir='ltr'>nunc</span> <span class='ocrx_word' id='word_1_23' title='bbox 842 516 1070 551; x_wconf 75' lang='lat' dir='ltr'>semiviri.</span> <span class='ocrx_word' id='word_1_24' title='bbox 1118 515 1233 553; x_wconf 90' lang='lat' dir='ltr'>Idem</span> <span class='ocrx_word' id='word_1_25' title='bbox 1252 530 1292 567; x_wconf 93' lang='lat' dir='ltr'>p.</span> <span class='ocrx_word' id='word_1_26' title='bbox 1315 523 1396 564; x_wconf 85' lang='lat'><strong>328,</strong></span> <span class='ocrx_word' id='word_1_27' title='bbox 1424 521 1485 556; x_wconf 82' lang='lat'>12:</span> <span class='ocrx_word' id='word_1_28' title='bbox 1517 516 1710 560; x_wconf 71' lang='lat' dir='ltr'>‘iactare’,</span> 
     </span>
     <span class='ocr_line' id='line_1_5' title="bbox 230 567 1714 631; baseline 0.001 -8"><span class='ocrx_word' id='word_1_29' title='bbox 230 593 432 631; x_wconf 71' lang='lat' dir='ltr'>excutere,</span> <span class='ocrx_word' id='word_1_30' title='bbox 458 597 701 623; x_wconf 81' lang='lat' dir='ltr'>commovere.</span> <span class='ocrx_word' id='word_1_31' title='bbox 764 586 887 622; x_wconf 80' lang='lat' dir='ltr'>Varro</span> <span class='ocrx_word' id='word_1_32' title='bbox 910 586 1202 623; x_wconf 76' lang='lat' dir='ltr'>Eumenidibus:</span> <span class='ocrx_word' id='word_1_33' title='bbox 1234 589 1269 624; x_wconf 83' lang='lat' dir='ltr'>ti</span> <span class='ocrx_word' id='word_1_34' title='bbox 1277 589 1321 624; x_wconf 84' lang='lat' dir='ltr'>bi</span> <span class='ocrx_word' id='word_1_35' title='bbox 1344 600 1401 624; x_wconf 81' lang='lat' dir='ltr'>nu</span> <span class='ocrx_word' id='word_1_36' title='bbox 1414 589 1611 624; x_wconf 29' lang='lat' dir='ltr'>ncvsemi</span> <span class='ocrx_word' id='word_1_37' title='bbox 1619 589 1661 624; x_wconf 82' lang='lat' dir='ltr'>vi</span> <span class='ocrx_word' id='word_1_38' title='bbox 1669 567 1714 624; x_wconf 51' lang='grc' dir='ltr'>νοΐ</span> 
     </span>
     <span class='ocr_line' id='line_1_6' title="bbox 231 658 1711 704; baseline 0.001 -11"><span class='ocrx_word' id='word_1_39' title='bbox 231 662 435 694; x_wconf 82' lang='lat' dir='ltr'>teretem</span> <span class='ocrx_word' id='word_1_40' title='bbox 474 669 650 694; x_wconf 84' lang='lat' dir='ltr'>comam</span> <span class='ocrx_word' id='word_1_41' title='bbox 689 658 931 693; x_wconf 79' lang='lat' dir='ltr'>volantem</span> <span class='ocrx_word' id='word_1_42' title='bbox 969 658 1165 693; x_wconf 77' lang='lat' dir='ltr'>iactant</span> <span class='ocrx_word' id='word_1_43' title='bbox 1202 658 1293 693; x_wconf 79' lang='lat' dir='ltr'>tibi</span> <span class='ocrx_word' id='word_1_44' title='bbox 1324 659 1456 704; x_wconf 70' lang='lat' dir='ltr'>qalli.</span> <span class='ocrx_word' id='word_1_45' title='bbox 1516 658 1609 695; x_wconf 85' lang='lat' dir='ltr'>Hac</span> <span class='ocrx_word' id='word_1_46' title='bbox 1643 658 1711 694; x_wconf 83' lang='lat' dir='ltr'>tri-</span> 
     </span>
     <span class='ocr_line' id='line_1_7' title="bbox 230 725 1713 779; baseline 0 -15"><span class='ocrx_word' id='word_1_47' title='bbox 230 727 326 779; x_wconf 89' lang='lat' dir='ltr'>plici</span> <span class='ocrx_word' id='word_1_48' title='bbox 346 727 538 776; x_wconf 86' lang='lat' dir='ltr'>memoria</span> <span class='ocrx_word' id='word_1_49' title='bbox 557 726 777 765; x_wconf 85' lang='lat' dir='ltr'>secundum</span> <span class='ocrx_word' id='word_1_50' title='bbox 793 726 915 764; x_wconf 90' lang='lat' dir='ltr'>Nonii</span> <span class='ocrx_word' id='word_1_51' title='bbox 937 725 1087 764; x_wconf 82' lang='lat' dir='ltr'>indicia</span> <span class='ocrx_word' id='word_1_52' title='bbox 1110 726 1353 774; x_wconf 84' lang='lat' dir='ltr'>continuata,</span> <span class='ocrx_word' id='word_1_53' title='bbox 1373 727 1476 766; x_wconf 87' lang='lat' dir='ltr'>haec</span> <span class='ocrx_word' id='word_1_54' title='bbox 1497 727 1713 777; x_wconf 83' lang='lat' dir='ltr'>fragmenti</span> 
     </span>
     <span class='ocr_line' id='line_1_8' title="bbox 232 797 685 849; baseline 0.002 -14"><span class='ocrx_word' id='word_1_55' title='bbox 232 798 495 842; x_wconf 75' lang='lat' dir='ltr'>conformatio</span> <span class='ocrx_word' id='word_1_56' title='bbox 527 797 685 849; x_wconf 86' lang='lat' dir='ltr'>prodit:</span> 
     </span>
    </p>
   </div>
   <div class='ocr_carea' id='block_1_3' title="bbox 229 899 1712 1007">
    <p class='ocr_par' dir='ltr' id='par_1_3' title="bbox 229 899 1712 1007">
     <span class='ocr_line' id='line_1_9' title="bbox 348 899 1712 947; baseline -0.002 -11"><span class='ocrx_word' id='word_1_57' title='bbox 348 901 431 938; x_wconf 85' lang='lat' dir='ltr'><strong><em>Tibi</em></strong></span> <span class='ocrx_word' id='word_1_58' title='bbox 453 906 641 947; x_wconf 76' lang='lat' dir='ltr'>tympana·</span> <span class='ocrx_word' id='word_1_59' title='bbox 659 911 734 935; x_wconf 82' lang='lat' dir='ltr'>non</span> <span class='ocrx_word' id='word_1_60' title='bbox 759 899 886 934; x_wconf 77' lang='lat' dir='ltr'>inanis</span> <span class='ocrx_word' id='word_1_61' title='bbox 909 899 1054 934; x_wconf 81' lang='lat' dir='ltr'>sonitus</span> <span class='ocrx_word' id='word_1_62' title='bbox 1079 899 1213 933; x_wconf 81' lang='lat' dir='ltr'>matris</span> <span class='ocrx_word' id='word_1_63' title='bbox 1232 899 1340 934; x_wconf 83' lang='lat' dir='ltr'>deum</span> <span class='ocrx_word' id='word_1_64' title='bbox 1368 901 1549 935; x_wconf 75' lang='lat' dir='ltr'>lenimus:</span> <span class='ocrx_word' id='word_1_65' title='bbox 1580 899 1712 934; x_wconf 81' lang='lat' dir='ltr'>tibinos</span> 
     </span>
     <span class='ocr_line' id='line_1_10' title="bbox 229 968 1596 1007; baseline -0.002 0"><span class='ocrx_word' id='word_1_66' title='bbox 229 972 295 1007; x_wconf 80' lang='lat' dir='ltr'>tibi</span> <span class='ocrx_word' id='word_1_67' title='bbox 323 982 423 1007; x_wconf 81' lang='lat' dir='ltr'>nunc</span> <span class='ocrx_word' id='word_1_68' title='bbox 446 972 634 1007; x_wconf 78' lang='lat' dir='ltr'>semiviri:</span> <span class='ocrx_word' id='word_1_69' title='bbox 673 974 825 1006; x_wconf 81' lang='lat' dir='ltr'>teretem</span> <span class='ocrx_word' id='word_1_70' title='bbox 855 979 998 1004; x_wconf 80' lang='lat' dir='ltr'>comam</span> <span class='ocrx_word' id='word_1_71' title='bbox 1025 968 1209 1004; x_wconf 82' lang='lat' dir='ltr'>volantem</span> <span class='ocrx_word' id='word_1_72' title='bbox 1232 969 1376 1004; x_wconf 79' lang='lat' dir='ltr'>iactant</span> <span class='ocrx_word' id='word_1_73' title='bbox 1400 970 1466 1005; x_wconf 77' lang='lat' dir='ltr'>tibi</span> <span class='ocrx_word' id='word_1_74' title='bbox 1487 969 1596 1005; x_wconf 82' lang='lat' dir='ltr'>Galli.</span> 
     </span>
    </p>
   </div>
   <div class='ocr_carea' id='block_1_4' title="bbox 232 1066 1713 1192">
    <p class='ocr_par' dir='ltr' id='par_1_4' title="bbox 232 1066 1713 1192">
     <span class='ocr_line' id='line_1_11' title="bbox 232 1066 1713 1122; baseline -0.002 -14"><span class='ocrx_word' id='word_1_75' title='bbox 232 1071 455 1122; x_wconf 88' lang='lat' dir='ltr'>Tripertita</span> <span class='ocrx_word' id='word_1_76' title='bbox 490 1076 622 1108; x_wconf 80' lang='lat' dir='ltr'>autem</span> <span class='ocrx_word' id='word_1_77' title='bbox 663 1068 866 1108; x_wconf 89' lang='lat' dir='ltr'>sententia</span> <span class='ocrx_word' id='word_1_78' title='bbox 903 1066 1069 1105; x_wconf 91' lang='lat' dir='ltr'>totidem</span> <span class='ocrx_word' id='word_1_79' title='bbox 1100 1066 1286 1106; x_wconf 82' lang='lat' dir='ltr'>versibus</span> <span class='ocrx_word' id='word_1_80' title='bbox 1318 1068 1393 1105; x_wconf 87' lang='lat' dir='ltr'>erit</span> <span class='ocrx_word' id='word_1_81' title='bbox 1424 1067 1713 1105; x_wconf 85' lang='lat' dir='ltr'>distribuenda.</span> 
     </span>
     <span class='ocr_line' id='line_1_12' title="bbox 233 1137 1712 1192; baseline -0.003 -13"><span class='ocrx_word' id='word_1_82' title='bbox 233 1142 295 1179; x_wconf 91' lang='lat' dir='ltr'>Ac</span> <span class='ocrx_word' id='word_1_83' title='bbox 326 1141 518 1192; x_wconf 78' lang='lat' dir='ltr'>postremi</span> <span class='ocrx_word' id='word_1_84' title='bbox 556 1140 717 1191; x_wconf 85' lang='lat' dir='ltr'>quidem</span> <span class='ocrx_word' id='word_1_85' title='bbox 759 1152 848 1176; x_wconf 90' lang='lat' dir='ltr'>cum</span> <span class='ocrx_word' id='word_1_86' title='bbox 876 1138 1174 1176; x_wconf 81' lang='lat' dir='ltr'>hemistichium</span> <span class='ocrx_word' id='word_1_87' title='bbox 1203 1137 1315 1188; x_wconf 85' lang='lat' dir='ltr'>prius</span> <span class='ocrx_word' id='word_1_88' title='bbox 1346 1138 1398 1175; x_wconf 86' lang='lat' dir='ltr'>sit</span> <span class='ocrx_word' id='word_1_89' title='bbox 1430 1137 1612 1176; x_wconf 84' lang='lat' dir='ltr'>omnibus</span> <span class='ocrx_word' id='word_1_90' title='bbox 1641 1151 1712 1175; x_wconf 92' lang='lat' dir='ltr'>nu-</span> 
     </span>
    </p>
   </div>
   <div class='ocr_carea' id='block_1_5' title="bbox 231 1212 1251 1355">
    <p class='ocr_par' dir='ltr' id='par_1_5' title="bbox 231 1212 1251 1355">
     <span class='ocr_line' id='line_1_13' title="bbox 231 1212 627 1263; baseline -0.005 -13"><span class='ocrx_word' id='word_1_91' title='bbox 231 1213 351 1250; x_wconf 87' lang='lat' dir='ltr'>meris</span> <span class='ocrx_word' id='word_1_92' title='bbox 381 1212 627 1263; x_wconf 88' lang='lat' dir='ltr'>perfectum:</span> 
     </span>
     <span class='ocr_line' id='line_1_14' title="bbox 694 1311 1251 1355; baseline -0.004 -7"><span class='ocrx_word' id='word_1_93' title='bbox 694 1316 846 1348; x_wconf 78' lang='lat' dir='ltr'>teretem</span> <span class='ocrx_word' id='word_1_94' title='bbox 875 1322 1019 1347; x_wconf 81' lang='lat' dir='ltr'>comam</span> <span class='ocrx_word' id='word_1_95' title='bbox 1047 1311 1251 1355; x_wconf 82' lang='lat' dir='ltr'>volantem,</span> 
     </span>
    </p>
   </div>
   <div class='ocr_carea' id='block_1_6' title="bbox 176 1409 1718 2868">
    <p class='ocr_par' dir='ltr' id='par_1_6' title="bbox 176 1409 1718 2868">
     <span class='ocr_line' id='line_1_15' title="bbox 234 1409 1712 1467; baseline -0.004 -14"><span class='ocrx_word' id='word_1_96' title='bbox 234 1429 326 1467; x_wconf 86' lang='lat' dir='ltr'>pars</span> <span class='ocrx_word' id='word_1_97' title='bbox 358 1415 504 1461; x_wconf 82' lang='lat' dir='ltr'>altera,</span> <span class='ocrx_word' id='word_1_98' title='bbox 537 1418 581 1450; x_wconf 88' lang='lat' dir='ltr'>ut</span> <span class='ocrx_word' id='word_1_99' title='bbox 611 1427 635 1450; x_wconf 83' lang='lat' dir='ltr'>a</span> <span class='ocrx_word' id='word_1_100' title='bbox 661 1413 793 1451; x_wconf 88' lang='lat' dir='ltr'>Nonio</span> <span class='ocrx_word' id='word_1_101' title='bbox 824 1410 1012 1458; x_wconf 82' lang='lat' dir='ltr'>traditur,</span> <span class='ocrx_word' id='word_1_102' title='bbox 1053 1424 1077 1448; x_wconf 90' lang='lat' dir='ltr'>a</span> <span class='ocrx_word' id='word_1_103' title='bbox 1110 1410 1326 1460; x_wconf 84' lang='lat' dir='ltr'>galliambo</span> <span class='ocrx_word' id='word_1_104' title='bbox 1356 1409 1565 1448; x_wconf 87' lang='lat' dir='ltr'>abhorret:</span> <span class='ocrx_word' id='word_1_105' title='bbox 1596 1422 1712 1461; x_wconf 89' lang='lat' dir='ltr'>prae-</span> 
     </span>
     <span class='ocr_line' id='line_1_16' title="bbox 233 1479 1715 1535; baseline -0.005 -11"><span class='ocrx_word' id='word_1_106' title='bbox 233 1494 347 1524; x_wconf 84' lang='lat' dir='ltr'>terea</span> <span class='ocrx_word' id='word_1_107' title='bbox 384 1497 473 1522; x_wconf 89' lang='lat' dir='ltr'>cum</span> <span class='ocrx_word' id='word_1_108' title='bbox 511 1482 732 1535; x_wconf 83' lang='lat' dir='ltr'>praecedat</span> <span class='ocrx_word' id='word_1_109' title='bbox 772 1486 934 1520; x_wconf 74' lang='lat' dir='ltr'>lenimus</span> <span class='ocrx_word' id='word_1_110' title='bbox 970 1481 1117 1532; x_wconf 91' lang='lat' dir='ltr'>prima,</span> <span class='ocrx_word' id='word_1_111' title='bbox 1171 1480 1411 1518; x_wconf 84' lang='lat' dir='ltr'>inconcinne</span> <span class='ocrx_word' id='word_1_112' title='bbox 1451 1479 1530 1517; x_wconf 87' lang='lat' dir='ltr'>dici</span> <span class='ocrx_word' id='word_1_113' title='bbox 1569 1482 1715 1516; x_wconf 81' lang='lat' dir='ltr'>iactant</span> 
     </span>
     <span class='ocr_line' id='line_1_17' title="bbox 235 1549 1713 1604; baseline -0.005 -10"><span class='ocrx_word' id='word_1_114' title='bbox 235 1557 355 1595; x_wconf 87' lang='lat' dir='ltr'>tertia</span> <span class='ocrx_word' id='word_1_115' title='bbox 381 1555 512 1593; x_wconf 86' lang='lat' dir='ltr'>visum</span> <span class='ocrx_word' id='word_1_116' title='bbox 543 1558 616 1591; x_wconf 89' lang='lat' dir='ltr'>est.</span> <span class='ocrx_word' id='word_1_117' title='bbox 670 1552 842 1604; x_wconf 86' lang='lat' dir='ltr'>Utrique</span> <span class='ocrx_word' id='word_1_118' title='bbox 876 1551 1128 1590; x_wconf 86' lang='lat' dir='ltr'>incommodo</span> <span class='ocrx_word' id='word_1_119' title='bbox 1165 1549 1349 1589; x_wconf 87' lang='lat' dir='ltr'>medetur</span> <span class='ocrx_word' id='word_1_120' title='bbox 1373 1549 1571 1600; x_wconf 85' lang='lat' dir='ltr'>Scaligeri</span> <span class='ocrx_word' id='word_1_121' title='bbox 1609 1563 1713 1587; x_wconf 90' lang='lat' dir='ltr'>com—</span> 
     </span>
     <span class='ocr_line' id='line_1_18' title="bbox 234 1622 1715 1675; baseline -0.005 -9"><span class='ocrx_word' id='word_1_122' title='bbox 234 1632 430 1666; x_wconf 86' lang='lat' dir='ltr'>mentum:</span> <span class='ocrx_word' id='word_1_123' title='bbox 465 1626 564 1662; x_wconf 82' lang='lat' dir='ltr'>Galli</span> <span class='ocrx_word' id='word_1_124' title='bbox 593 1624 660 1660; x_wconf 82' lang='lat' dir='ltr'>tibi</span> <span class='ocrx_word' id='word_1_125' title='bbox 686 1625 865 1670; x_wconf 77' lang='lat' dir='ltr'>iacimus,</span> <span class='ocrx_word' id='word_1_126' title='bbox 900 1622 1007 1675; x_wconf 85' lang='lat' dir='ltr'>quod</span> <span class='ocrx_word' id='word_1_127' title='bbox 1036 1623 1092 1659; x_wconf 88' lang='lat' dir='ltr'>ita</span> <span class='ocrx_word' id='word_1_128' title='bbox 1123 1633 1379 1659; x_wconf 86' lang='lat' dir='ltr'>conversum:</span> <span class='ocrx_word' id='word_1_129' title='bbox 1410 1622 1476 1658; x_wconf 79' lang='lat' dir='ltr'>tibi</span> <span class='ocrx_word' id='word_1_130' title='bbox 1501 1622 1600 1659; x_wconf 86' lang='lat' dir='ltr'>Galli</span> <span class='ocrx_word' id='word_1_131' title='bbox 1623 1623 1715 1658; x_wconf 83' lang='lat' dir='ltr'>iaci-</span> 
     </span>
     <span class='ocr_line' id='line_1_19' title="bbox 233 1690 1716 1744; baseline -0.005 -9"><span class='ocrx_word' id='word_1_132' title='bbox 233 1710 317 1735; x_wconf 84' lang='lat' dir='ltr'>mus</span> <span class='ocrx_word' id='word_1_133' title='bbox 353 1709 467 1735; x_wconf 86' lang='lat' dir='ltr'>suum</span> <span class='ocrx_word' id='word_1_134' title='bbox 506 1693 604 1731; x_wconf 86' lang='lat' dir='ltr'>fecit</span> <span class='ocrx_word' id='word_1_135' title='bbox 640 1693 866 1744; x_wconf 86' lang='lat' dir='ltr'>RoeperuS.</span> <span class='ocrx_word' id='word_1_136' title='bbox 926 1693 1146 1744; x_wconf 85' lang='lat' dir='ltr'>Utriusque</span> <span class='ocrx_word' id='word_1_137' title='bbox 1177 1691 1336 1729; x_wconf 72' lang='lat' dir='ltr'>formae.</span> <span class='ocrx_word' id='word_1_138' title='bbox 1361 1696 1501 1728; x_wconf 85' lang='lat' dir='ltr'>extant</span> <span class='ocrx_word' id='word_1_139' title='bbox 1529 1690 1716 1742; x_wconf 83' lang='lat' dir='ltr'>exempla</span> 
     </span>
     <span class='ocr_line' id='line_1_20' title="bbox 176 1760 1713 1815; baseline -0.006 -9"><span class='ocrx_word' id='word_1_140' title='bbox 176 1780 183 1786; x_wconf 95' lang='lat'>·</span> <span class='ocrx_word' id='word_1_141' title='bbox 236 1766 485 1813; x_wconf 84' lang='lat' dir='ltr'>Catulliana,</span> <span class='ocrx_word' id='word_1_142' title='bbox 518 1763 591 1802; x_wconf 87' lang='lat' dir='ltr'>sed</span> <span class='ocrx_word' id='word_1_143' title='bbox 621 1763 728 1801; x_wconf 86' lang='lat' dir='ltr'>illius</span> <span class='ocrx_word' id='word_1_144' title='bbox 758 1764 894 1815; x_wconf 84' lang='lat' dir='ltr'>plura:</span> <span class='ocrx_word' id='word_1_145' title='bbox 935 1764 1029 1803; x_wconf 84' lang='lat' dir='ltr'>vide</span> <span class='ocrx_word' id='word_1_146' title='bbox 1059 1778 1126 1803; x_wconf 93' lang='lat' dir='ltr'>vv.</span> <span class='ocrx_word' id='word_1_147' title='bbox 1160 1769 1215 1803; x_wconf 87' lang='grc'>18.</span> <span class='ocrx_word' id='word_1_148' title='bbox 1247 1768 1304 1802; x_wconf 88' lang='lat'>22.</span> <span class='ocrx_word' id='word_1_149' title='bbox 1335 1768 1392 1802; x_wconf 72' lang='lat'>34.</span> <span class='ocrx_word' id='word_1_150' title='bbox 1421 1768 1478 1802; x_wconf 84' lang='lat'>83.</span> <span class='ocrx_word' id='word_1_151' title='bbox 1506 1767 1565 1808; x_wconf 85' lang='lat'>86,</span> <span class='ocrx_word' id='word_1_152' title='bbox 1596 1760 1713 1798; x_wconf 84' lang='lat' dir='ltr'>huius</span> 
     </span>
     <span class='ocr_line' id='line_1_21' title="bbox 233 1831 1714 1886; baseline -0.006 -10"><span class='ocrx_word' id='word_1_153' title='bbox 233 1839 394 1876; x_wconf 90' lang='lat' dir='ltr'>unicum</span> <span class='ocrx_word' id='word_1_154' title='bbox 424 1852 463 1875; x_wconf 89' lang='lat' dir='ltr'>v.</span> <span class='ocrx_word' id='word_1_155' title='bbox 489 1841 535 1876; x_wconf 91' lang='grc'>60</span> <span class='ocrx_word' id='word_1_156' title='bbox 565 1836 688 1871; x_wconf 76' lang='lat' dir='ltr'>stadio</span> <span class='ocrx_word' id='word_1_157' title='bbox 717 1840 753 1871; x_wconf 78' lang='lat' dir='ltr'>et</span> <span class='ocrx_word' id='word_1_158' title='bbox 779 1837 1012 1883; x_wconf 71' lang='lat' dir='ltr'>yymnasiis:</span> <span class='ocrx_word' id='word_1_159' title='bbox 1040 1847 1121 1886; x_wconf 90' lang='lat' dir='ltr'>qua</span> <span class='ocrx_word' id='word_1_160' title='bbox 1145 1839 1282 1871; x_wconf 88' lang='lat' dir='ltr'>tamen</span> <span class='ocrx_word' id='word_1_161' title='bbox 1309 1834 1437 1870; x_wconf 88' lang='lat' dir='ltr'>forma</span> <span class='ocrx_word' id='word_1_162' title='bbox 1463 1831 1714 1882; x_wconf 88' lang='lat' dir='ltr'>frequentius</span> 
     </span>
     <span class='ocr_line' id='line_1_22' title="bbox 235 1902 1714 1955; baseline -0.004 -8"><span class='ocrx_word' id='word_1_163' title='bbox 235 1908 384 1948; x_wconf 86' lang='lat' dir='ltr'>Graeci</span> <span class='ocrx_word' id='word_1_164' title='bbox 413 1907 476 1945; x_wconf 88' lang='lat' dir='ltr'>usi</span> <span class='ocrx_word' id='word_1_165' title='bbox 506 1910 619 1943; x_wconf 85' lang='lat' dir='ltr'>sunt:</span> <span class='ocrx_word' id='word_1_166' title='bbox 653 1904 706 1942; x_wconf 87' lang='lat' dir='ltr'>cf.</span> <span class='ocrx_word' id='word_1_167' title='bbox 728 1904 924 1954; x_wconf 84' lang='lat' dir='ltr'>Diogenis</span> <span class='ocrx_word' id='word_1_168' title='bbox 946 1905 1099 1943; x_wconf 63' lang='lat' dir='ltr'>Laertii</span> <span class='ocrx_word' id='word_1_169' title='bbox 1126 1911 1268 1943; x_wconf 86' lang='lat' dir='ltr'>versu&#39;s</span> <span class='ocrx_word' id='word_1_170' title='bbox 1299 1902 1406 1955; x_wconf 86' lang='lat' dir='ltr'>apud</span> <span class='ocrx_word' id='word_1_171' title='bbox 1425 1902 1714 1941; x_wconf 88' lang='lat' dir='ltr'>Hermannum.</span> 
     </span>
     <span class='ocr_line' id='line_1_23' title="bbox 235 1971 1716 2030; baseline -0.007 -13"><span class='ocrx_word' id='word_1_172' title='bbox 235 1980 372 2030; x_wconf 85' lang='lat' dir='ltr'>Atque</span> <span class='ocrx_word' id='word_1_173' title='bbox 403 1976 584 2015; x_wconf 78' lang='lat' dir='ltr'>ciusdem</span> <span class='ocrx_word' id='word_1_174' title='bbox 617 1987 830 2018; x_wconf 77' lang='lat' dir='ltr'>mensurae</span> <span class='ocrx_word' id='word_1_175' title='bbox 868 1975 973 2013; x_wconf 89' lang='lat' dir='ltr'>inter</span> <span class='ocrx_word' id='word_1_176' title='bbox 1010 1974 1112 2012; x_wconf 88' lang='lat' dir='ltr'>haec</span> <span class='ocrx_word' id='word_1_177' title='bbox 1146 1975 1236 2026; x_wconf 86' lang='lat' dir='ltr'>ipsa</span> <span class='ocrx_word' id='word_1_178' title='bbox 1263 1972 1516 2014; x_wconf 88' lang='lat' dir='ltr'>Varroniana</span> <span class='ocrx_word' id='word_1_179' title='bbox 1544 1971 1622 2008; x_wconf 91' lang='lat' dir='ltr'>hoc</span> <span class='ocrx_word' id='word_1_180' title='bbox 1653 1976 1716 2008; x_wconf 84' lang='lat' dir='ltr'>est</span> 
     </span>
     <span class='ocr_line' id='line_1_24' title="bbox 235 2041 1715 2095; baseline -0.006 -8"><span class='ocrx_word' id='word_1_181' title='bbox 235 2047 546 2087; x_wconf 84' lang='lat' dir='ltr'>hemistichium:</span> <span class='ocrx_word' id='word_1_182' title='bbox 588 2048 653 2083; x_wconf 84' lang='lat' dir='ltr'>tibi</span> <span class='ocrx_word' id='word_1_183' title='bbox 681 2058 782 2083; x_wconf 85' lang='lat' dir='ltr'>nunc</span> <span class='ocrx_word' id='word_1_184' title='bbox 812 2046 990 2082; x_wconf 75' lang='lat' dir='ltr'>semiviri.</span> <span class='ocrx_word' id='word_1_185' title='bbox 1050 2044 1190 2082; x_wconf 82' lang='lat' dir='ltr'>Possis</span> <span class='ocrx_word' id='word_1_186' title='bbox 1222 2044 1397 2095; x_wconf 87' lang='lat' dir='ltr'>denique</span> <span class='ocrx_word' id='word_1_187' title='bbox 1429 2041 1715 2091; x_wconf 83' lang='lat' dir='ltr'>Scaligeranae</span> 
     </span>
     <span class='ocr_line' id='line_1_25' title="bbox 233 2113 1714 2169; baseline -0.006 -12"><span class='ocrx_word' id='word_1_188' title='bbox 233 2125 273 2157; x_wconf 88' lang='lat' dir='ltr'>et</span> <span class='ocrx_word' id='word_1_189' title='bbox 304 2117 586 2169; x_wconf 84' lang='lat' dir='ltr'>Roeperianae</span> <span class='ocrx_word' id='word_1_190' title='bbox 616 2115 858 2153; x_wconf 86' lang='lat' dir='ltr'>restitutioni</span> <span class='ocrx_word' id='word_1_191' title='bbox 886 2114 991 2152; x_wconf 89' lang='lat' dir='ltr'>hanc</span> <span class='ocrx_word' id='word_1_192' title='bbox 1020 2114 1179 2152; x_wconf 87' lang='lat' dir='ltr'>tertiam</span> <span class='ocrx_word' id='word_1_193' title='bbox 1208 2114 1404 2152; x_wconf 84' lang='lat' dir='ltr'>adiicere:</span> <span class='ocrx_word' id='word_1_194' title='bbox 1441 2113 1541 2149; x_wconf 80' lang='lat' dir='ltr'>Galli</span> <span class='ocrx_word' id='word_1_195' title='bbox 1564 2114 1714 2149; x_wconf 78' lang='lat' dir='ltr'>iacimu’</span> 
     </span>
     <span class='ocr_line' id='line_1_26' title="bbox 233 2183 1718 2238; baseline -0.005 -11"><span class='ocrx_word' id='word_1_196' title='bbox 233 2192 308 2226; x_wconf 80' lang='lat' dir='ltr'>tibi.</span> <span class='ocrx_word' id='word_1_197' title='bbox 363 2189 420 2227; x_wconf 94' lang='lat' dir='ltr'>At</span> <span class='ocrx_word' id='word_1_198' title='bbox 450 2188 507 2226; x_wconf 88' lang='lat' dir='ltr'>sic</span> <span class='ocrx_word' id='word_1_199' title='bbox 540 2199 630 2224; x_wconf 92' lang='lat' dir='ltr'>cum</span> <span class='ocrx_word' id='word_1_200' title='bbox 659 2185 872 2238; x_wconf 83' lang='lat' dir='ltr'>tripliciter</span> <span class='ocrx_word' id='word_1_201' title='bbox 898 2185 997 2222; x_wconf 90' lang='lat' dir='ltr'>satis</span> <span class='ocrx_word' id='word_1_202' title='bbox 1026 2183 1114 2222; x_wconf 89' lang='lat' dir='ltr'>fieri</span> <span class='ocrx_word' id='word_1_203' title='bbox 1143 2189 1269 2222; x_wconf 90' lang='lat' dir='ltr'>metro</span> <span class='ocrx_word' id='word_1_204' title='bbox 1299 2183 1447 2234; x_wconf 85' lang='lat' dir='ltr'>possit,</span> <span class='ocrx_word' id='word_1_205' title='bbox 1486 2183 1718 2232; x_wconf 88' lang='lat' dir='ltr'>infringitur</span> 
     </span>
     <span class='ocr_line' id='line_1_27' title="bbox 234 2253 1714 2308; baseline -0.005 -11"><span class='ocrx_word' id='word_1_206' title='bbox 234 2265 370 2296; x_wconf 88' lang='lat' dir='ltr'>tamen</span> <span class='ocrx_word' id='word_1_207' title='bbox 399 2257 628 2296; x_wconf 87' lang='lat' dir='ltr'>emendatio</span> <span class='ocrx_word' id='word_1_208' title='bbox 662 2271 727 2305; x_wconf 89' lang='lat' dir='ltr'>eo,</span> <span class='ocrx_word' id='word_1_209' title='bbox 781 2255 889 2308; x_wconf 88' lang='lat' dir='ltr'>quod</span> <span class='ocrx_word' id='word_1_210' title='bbox 917 2255 1074 2293; x_wconf 88' lang='lat' dir='ltr'>Nonius</span> <span class='ocrx_word' id='word_1_211' title='bbox 1104 2255 1145 2292; x_wconf 91' lang='lat' dir='ltr'>in</span> <span class='ocrx_word' id='word_1_212' title='bbox 1174 2256 1363 2293; x_wconf 89' lang='lat' dir='ltr'>lemmate</span> <span class='ocrx_word' id='word_1_213' title='bbox 1393 2256 1539 2290; x_wconf 78' lang='lat' dir='ltr'>iactare</span> <span class='ocrx_word' id='word_1_214' title='bbox 1567 2253 1714 2303; x_wconf 87' lang='lat' dir='ltr'>posuit,</span> 
     </span>
     <span class='ocr_line' id='line_1_28' title="bbox 232 2320 1713 2378; baseline -0.004 -12"><span class='ocrx_word' id='word_1_215' title='bbox 232 2343 313 2366; x_wconf 90' lang='lat' dir='ltr'>non</span> <span class='ocrx_word' id='word_1_216' title='bbox 341 2331 489 2372; x_wconf 77' lang='lat' dir='ltr'>iacere,</span> <span class='ocrx_word' id='word_1_217' title='bbox 532 2328 645 2365; x_wconf 89' lang='lat' dir='ltr'>cuius</span> <span class='ocrx_word' id='word_1_218' title='bbox 679 2326 794 2365; x_wconf 90' lang='lat' dir='ltr'>verbi</span> <span class='ocrx_word' id='word_1_219' title='bbox 831 2326 968 2378; x_wconf 89' lang='lat' dir='ltr'>paullo</span> <span class='ocrx_word' id='word_1_220' title='bbox 1001 2331 1094 2364; x_wconf 91' lang='lat' dir='ltr'>ante</span> <span class='ocrx_word' id='word_1_221' title='bbox 1126 2324 1312 2376; x_wconf 88' lang='lat' dir='ltr'>exempla</span> <span class='ocrx_word' id='word_1_222' title='bbox 1343 2320 1605 2376; x_wconf 85' lang='lat' dir='ltr'>peculiariter</span> <span class='ocrx_word' id='word_1_223' title='bbox 1643 2322 1713 2360; x_wconf 87' lang='lat' dir='ltr'>ad-</span> 
     </span>
     <span class='ocr_line' id='line_1_29' title="bbox 234 2391 1716 2449; baseline -0.005 -13"><span class='ocrx_word' id='word_1_224' title='bbox 234 2398 410 2449; x_wconf 80' lang='lat' dir='ltr'>scripsit.</span> <span class='ocrx_word' id='word_1_225' title='bbox 467 2397 613 2448; x_wconf 89' lang='lat' dir='ltr'>Itaque</span> <span class='ocrx_word' id='word_1_226' title='bbox 645 2398 686 2435; x_wconf 94' lang='lat' dir='ltr'>in</span> <span class='ocrx_word' id='word_1_227' title='bbox 717 2409 764 2434; x_wconf 89' lang='lat' dir='ltr'>eo</span> <span class='ocrx_word' id='word_1_228' title='bbox 798 2397 954 2435; x_wconf 88' lang='lat' dir='ltr'>cautius</span> <span class='ocrx_word' id='word_1_229' title='bbox 985 2397 1266 2444; x_wconf 87' lang='lat' dir='ltr'>Hermannus,</span> <span class='ocrx_word' id='word_1_230' title='bbox 1314 2396 1382 2448; x_wconf 92' lang='lat' dir='ltr'>qui</span> <span class='ocrx_word' id='word_1_231' title='bbox 1418 2391 1505 2433; x_wconf 86' lang='lat' dir='ltr'>sola</span> <span class='ocrx_word' id='word_1_232' title='bbox 1534 2397 1716 2443; x_wconf 66' lang='lat' dir='ltr'>transpo-</span> 
     </span>
     <span class='ocr_line' id='line_1_30' title="bbox 235 2463 1716 2516; baseline -0.003 -10"><span class='ocrx_word' id='word_1_233' title='bbox 235 2469 380 2506; x_wconf 83' lang='lat' dir='ltr'>sitione</span> <span class='ocrx_word' id='word_1_234' title='bbox 419 2466 676 2516; x_wconf 84' lang='lat' dir='ltr'>defungitur:</span> <span class='ocrx_word' id='word_1_235' title='bbox 727 2469 873 2504; x_wconf 80' lang='lat' dir='ltr'>iactcmt</span> <span class='ocrx_word' id='word_1_236' title='bbox 913 2468 1014 2504; x_wconf 79' lang='lat' dir='ltr'>Galli</span> <span class='ocrx_word' id='word_1_237' title='bbox 1049 2469 1138 2512; x_wconf 79' lang='lat' dir='ltr'>tibi,</span> <span class='ocrx_word' id='word_1_238' title='bbox 1185 2465 1258 2504; x_wconf 90' lang='lat' dir='ltr'>sed</span> <span class='ocrx_word' id='word_1_239' title='bbox 1295 2464 1428 2503; x_wconf 90' lang='lat' dir='ltr'>intulit</span> <span class='ocrx_word' id='word_1_240' title='bbox 1465 2463 1716 2502; x_wconf 86' lang='lat' dir='ltr'>emendando</span> 
     </span>
     <span class='ocr_line' id='line_1_31' title="bbox 192 2534 1716 2587; baseline -0.003 -10"><span class='ocrx_word' id='word_1_241' title='bbox 192 2563 197 2570; x_wconf 90' lang='lat'><em>·</em></span> <span class='ocrx_word' id='word_1_242' title='bbox 236 2540 353 2584; x_wconf 78' lang='lat' dir='ltr'>metri</span> <span class='ocrx_word' id='word_1_243' title='bbox 390 2539 581 2585; x_wconf 88' lang='lat' dir='ltr'>formam,</span> <span class='ocrx_word' id='word_1_244' title='bbox 627 2537 738 2574; x_wconf 83' lang='lat' dir='ltr'>euius</span> <span class='ocrx_word' id='word_1_245' title='bbox 780 2542 932 2574; x_wconf 88' lang='lat' dir='ltr'>certum</span> <span class='ocrx_word' id='word_1_246' title='bbox 971 2536 1198 2587; x_wconf 84' lang='lat' dir='ltr'>exemplum</span> <span class='ocrx_word' id='word_1_247' title='bbox 1233 2548 1311 2573; x_wconf 92' lang='lat' dir='ltr'>non</span> <span class='ocrx_word' id='word_1_248' title='bbox 1349 2540 1473 2573; x_wconf 86' lang='lat' dir='ltr'>extat.</span> <span class='ocrx_word' id='word_1_249' title='bbox 1534 2534 1716 2573; x_wconf 82' lang='lat' dir='ltr'>Catullus</span> 
     </span>
     <span class='ocr_line' id='line_1_32' title="bbox 237 2603 1717 2659; baseline -0.002 -15"><span class='ocrx_word' id='word_1_250' title='bbox 237 2606 421 2659; x_wconf 89' lang='lat' dir='ltr'>quidem,</span> <span class='ocrx_word' id='word_1_251' title='bbox 453 2608 562 2657; x_wconf 87' lang='lat' dir='ltr'>apud</span> <span class='ocrx_word' id='word_1_252' title='bbox 592 2621 711 2659; x_wconf 91' lang='lat' dir='ltr'>quem</span> <span class='ocrx_word' id='word_1_253' title='bbox 740 2620 908 2659; x_wconf 90' lang='lat' dir='ltr'>perrara</span> <span class='ocrx_word' id='word_1_254' title='bbox 939 2611 1000 2644; x_wconf 88' lang='lat' dir='ltr'>est</span> <span class='ocrx_word' id='word_1_255' title='bbox 1031 2619 1080 2644; x_wconf 88' lang='lat' dir='ltr'>ea</span> <span class='ocrx_word' id='word_1_256' title='bbox 1107 2605 1236 2643; x_wconf 89' lang='lat' dir='ltr'>forma</span> <span class='ocrx_word' id='word_1_257' title='bbox 1266 2605 1489 2652; x_wconf 85' lang='lat' dir='ltr'>anaclasis,</span> <span class='ocrx_word' id='word_1_258' title='bbox 1527 2603 1655 2641; x_wconf 90' lang='lat' dir='ltr'>noluit</span> <span class='ocrx_word' id='word_1_259' title='bbox 1680 2603 1717 2641; x_wconf 88' lang='lat' dir='ltr'>ei</span> 
     </span>
     <span class='ocr_line' id='line_1_33' title="bbox 236 2674 1714 2729; baseline -0.002 -15"><span class='ocrx_word' id='word_1_260' title='bbox 236 2677 304 2715; x_wconf 81' lang='lat' dir='ltr'>vel</span> <span class='ocrx_word' id='word_1_261' title='bbox 340 2691 482 2729; x_wconf 88' lang='lat' dir='ltr'>purum</span> <span class='ocrx_word' id='word_1_262' title='bbox 518 2679 691 2716; x_wconf 90' lang='lat' dir='ltr'>ionicum</span> <span class='ocrx_word' id='word_1_263' title='bbox 726 2678 793 2717; x_wconf 90' lang='lat' dir='ltr'>vel</span> <span class='ocrx_word' id='word_1_264' title='bbox 824 2677 1041 2715; x_wconf 80' lang='lat' dir='ltr'>molossum</span> <span class='ocrx_word' id='word_1_265' title='bbox 1069 2676 1285 2728; x_wconf 85' lang='lat' dir='ltr'>praemitti.</span> <span class='ocrx_word' id='word_1_266' title='bbox 1342 2674 1447 2714; x_wconf 89' lang='lat' dir='ltr'>Vide</span> <span class='ocrx_word' id='word_1_267' title='bbox 1474 2689 1539 2713; x_wconf 90' lang='lat' dir='ltr'>vv.</span> <span class='ocrx_word' id='word_1_268' title='bbox 1571 2679 1626 2713; x_wconf 77' lang='lat'>14.</span> <span class='ocrx_word' id='word_1_269' title='bbox 1658 2680 1714 2714; x_wconf 85' lang='lat'>35.</span> 
     </span>
     <span class='ocr_line' id='line_1_34' title="bbox 237 2735 1714 2798; baseline -0.005 -11"><span class='ocrx_word' id='word_1_270' title='bbox 237 2753 295 2788; x_wconf 88' lang='grc'>76.</span> <span class='ocrx_word' id='word_1_271' title='bbox 317 2753 375 2789; x_wconf 89' lang='grc'>78.</span> <span class='ocrx_word' id='word_1_272' title='bbox 427 2747 510 2786; x_wconf 85' lang='lat' dir='ltr'>Sed</span> <span class='ocrx_word' id='word_1_273' title='bbox 541 2747 721 2786; x_wconf 88' lang='lat' dir='ltr'>eiusdem</span> <span class='ocrx_word' id='word_1_274' title='bbox 751 2760 963 2785; x_wconf 88' lang='lat' dir='ltr'>mensurae</span> <span class='ocrx_word' id='word_1_275' title='bbox 993 2747 1162 2785; x_wconf 86' lang='lat' dir='ltr'>alterum</span> <span class='ocrx_word' id='word_1_276' title='bbox 1195 2745 1421 2798; x_wconf 84' lang='lat' dir='ltr'>exemplum</span> <span class='ocrx_word' id='word_1_277' title='bbox 1451 2757 1500 2782; x_wconf 87' lang='lat' dir='ltr'>ex</span> <span class='ocrx_word' id='word_1_278' title='bbox 1528 2743 1590 2781; x_wconf 90' lang='lat' dir='ltr'>his</span> <span class='ocrx_word' id='word_1_279' title='bbox 1610 2735 1714 2782; x_wconf 79' lang='lat' dir='ltr'>Var-</span> 
     </span>
     <span class='ocr_line' id='line_1_35' title="bbox 236 2818 672 2868; baseline 0.005 -15"><span class='ocrx_word' id='word_1_280' title='bbox 236 2818 413 2855; x_wconf 90' lang='lat' dir='ltr'>ronianis</span> <span class='ocrx_word' id='word_1_281' title='bbox 443 2818 672 2868; x_wconf 86' lang='lat' dir='ltr'>proferunt:</span> 
     </span>
    </p>
   </div>
   <div class='ocr_carea' id='block_1_7' title="bbox 494 2907 1441 2955">
    <p class='ocr_par' dir='ltr' id='par_1_7' title="bbox 494 2907 1441 2955">
     <span class='ocr_line' id='line_1_36' title="bbox 494 2907 1441 2955; baseline -0.002 -11"><span class='ocrx_word' id='word_1_282' title='bbox 494 2909 561 2945; x_wconf 79' lang='lat' dir='ltr'>tibi</span> <span class='ocrx_word' id='word_1_283' title='bbox 588 2914 731 2955; x_wconf 76' lang='lat' dir='ltr'>lypana</span> <span class='ocrx_word' id='word_1_284' title='bbox 763 2920 837 2944; x_wconf 77' lang='lat' dir='ltr'>non</span> <span class='ocrx_word' id='word_1_285' title='bbox 868 2910 977 2945; x_wconf 78' lang='lat' dir='ltr'>inani</span> <span class='ocrx_word' id='word_1_286' title='bbox 1003 2910 1128 2944; x_wconf 77' lang='lat' dir='ltr'>sonitu</span> <span class='ocrx_word' id='word_1_287' title='bbox 1157 2909 1291 2944; x_wconf 78' lang='lat' dir='ltr'>matris</span> <span class='ocrx_word' id='word_1_288' title='bbox 1320 2907 1441 2943; x_wconf 82' lang='lat' dir='ltr'>deum.</span> 
     </span>
    </p>
   </div>
  </div>
 </body>
</html>
