1898 3236
295 249 372 289 156
669 278 671 283 .
865 255 1202 287 commeritum,

405 364 581 401 Tantum
613 361 663 399 de
691 362 768 400 hac
798 366 914 413 parte
945 361 1155 414 colloquii:
1197 360 1346 409 altera,
1381 374 1500 413 quam
1531 362 1768 412 significavi,

292 435 441 473 cultum
478 432 650 471 vestitus
684 431 929 482 attingebat»,
980 445 1099 484 quem
1139 432 1268 471 Varro
1305 431 1426 470 etiam
1457 433 1498 472 in
1536 436 1648 469 Momo
1678 447 1767 486 per-

291 505 469 543 strinxit:
507 502 602 541 vide
632 516 672 554 p.
704 509 761 543 33.
821 502 884 540 Ex
916 515 963 541 oo
992 516 1142 554 genere
1170 503 1211 541 in
1237 503 1319 543 hac
1350 508 1488 542 satura
1514 517 1635 542 unum
1660 504 1768 554 frag-

290 579 467 612 mentum
493 577 690 625 superest,
723 577 763 610 et
790 571 889 610 illud
915 572 1089 625 quidem,
1119 573 1279 612 nisime
1302 574 1408 612 fallit
1432 574 1616 626 suspitio,
1647 573 1769 613 foede

290 644 594 697 interpolatum:

404 746 514 785 XIII
545 743 627 796 (10)
660 746 765 783 Nihil
792 748 911 794 mayis
941 747 1074 783 decere
1102 748 1295 783 mulierem
1324 758 1438 794 quam
1459 749 1505 784 de
1525 748 1699 785 muliebri
1717 749 1769 784 ri-

291 820 390 856 cinio
414 819 576 865 pallium
604 818 781 864 simplex.

291 919 447 957 Nonius
484 932 523 970 p.
550 923 638 964 542,
669 924 692 958 3
721 918 778 955 ita
808 915 965 955 scribit:
1001 917 1253 964 ‘Ricinium',
1285 921 1387 967 quod
1412 931 1514 957 nunc
1543 919 1770 968 mafurtium

290 993 440 1035 dicitur,
466 991 671 1037 palleolum
698 988 905 1036 femineum
934 989 1056 1026 breve.
1108 989 1233 1027 Varro
1262 991 1361 1038 -Tafe
1387 991 1594 1038 Mem'ppu:
1629 990 1770 1028 ‘nihilo

291 1062 411 1109 maqis
438 1062 565 1098 dicere
593 1061 785 1105 muliebre,
818 1073 931 1108 quam
955 1061 1001 1097 de
1027 1062 1202 1098 muliebri
1228 1062 1362 1098 ricinio
1382 1063 1554 1108 palleum
1574 1063 1768 1109 simplex?

290 1133 396 1170 Idem
425 1134 471 1169 de
498 1134 573 1170 vita
597 1133 641 1169 P.
674 1132 721 1169 R.
753 1133 814 1168 lib.
843 1132 869 1168 I
903 1132 963 1168 ‘el
999 1144 1072 1180 quo
1102 1134 1280 1168 mulieres
1309 1133 1349 1168 in
1379 1133 1551 1184 adversis
1580 1133 1694 1169 rebus
1724 1145 1771 1170 ac

289 1203 470 1246 luctibus,
509 1214 594 1239 cum
631 1214 776 1240 omnem
805 1205 975 1240 vestitum
1007 1204 1262 1240 delicatiorem
1296 1213 1343 1238 ac
1372 1204 1610 1239 luoeoriosum
1634 1207 1771 1250 postea

288 1275 498 1311 institutum
543 1279 708 1321 ponunt,
759 1275 897 1311 ricinia
942 1274 1125 1311 sumunt?
1202 1272 1251 1322 In
1298 1270 1355 1309 eis
1398 1274 1616 1319 palliolum,
1665 1274 1772 1318 nihil,

289 1347 425 1382 decere
454 1346 676 1391 mulierem,
716 1346 877 1392 pallium
913 1344 1138 1393 (palliolum)
1181 1343 1276 1381 olim
1315 1347 1498 1380 correcta
1527 1349 1630 1382 sunt.
1693 1344 1768 1383 Oe-

290 1421 419 1453 terum
462 1415 752 1467 acquieverunt
794 1415 835 1453 in
883 1414 1033 1452 tradita
1064 1415 1263 1466 scriptura
1305 1425 1394 1450 cum
1434 1412 1503 1451 alii
1538 1420 1622 1453 tum
1661 1415 1768 1454 Oeh-

288 1486 410 1532 lerus,
443 1486 510 1537 qui
540 1498 592 1523 ne
620 1484 745 1523 verbo
773 1485 936 1537 quidem
964 1484 1189 1524 intellectui
1218 1483 1387 1522 aliorum
1412 1484 1600 1535 providit.
1650 1485 1782 1525 Atta-o

290 1570 383 1596 men
419 1570 509 1595 cum
536 1556 692 1595 Nonius
720 1557 913 1605 affirmet,
940 1557 1121 1595 ricinium
1153 1568 1242 1594 esse
1268 1554 1476 1606 palliolum
1502 1554 1542 1593 h.
1575 1568 1610 1594 e.
1641 1556 1769 1607 operi-

290 1634 465 1666 mentum
497 1627 639 1678 capitis
672 1627 865 1667 muliebre
903 1627 973 1679 (cf.
1013 1626 1238 1665 Heinrichii
1278 1638 1417 1664 comm.
1455 1624 1497 1662 in
1533 1625 1771 1664 Iuvenalem

290 1713 329 1751 p.
362 1696 461 1749 136),
492 1696 728 1736 mirabiliter
756 1699 916 1746 accidit,
949 1697 1057 1750 quod
1081 1696 1275 1736 Varronis
1302 1695 1428 1735 verba
1457 1694 1673 1743 discrimen
1699 1695 1770 1734 ali-

290 1768 397 1821 quod
426 1768 637 1821 palliolum
670 1770 774 1808 inter
813 1774 852 1808 et
880 1768 1063 1807 ricinium
1093 1767 1272 1806 indicare
1301 1765 1501 1805 videntur.
1550 1767 1772 1805 Praeterea

289 1839 426 1877 nescio
455 1840 523 1892 qui
552 1839 629 1878 sibi
657 1840 788 1878 animo
820 1839 1126 1878 informaverint
1155 1837 1259 1876 hanc
1290 1838 1466 1889 speciem
1493 1838 1684 1875 vestitus:
1725 1839 1771 1875 de

290 1911 465 1947 muliebri
494 1913 629 1949 ricinio
660 1914 859 1959 palliolum
902 1911 1080 1958 simplex.
1141 1906 1250 1963 Quid
1287 1907 1460 1945 multa?
1507 1908 1625 1946 Haec
1656 1921 1770 1956 quam

286 1984 446 2029 pallium
476 1984 640 2030 simplex
676 1981 802 2019 reddo
834 1980 871 2019 ei
903 1981 966 2018 cui
995 1978 1204 2025 debentur,
1232 1977 1522 2029 interpolatori,
1552 1979 1621 2030 qui
1648 1978 1771 2016 Nonii

289 2052 438 2090 lemma
477 2057 638 2090 secutus
680 2054 858 2090 ricinium
897 2050 1101 2103 explicuit.
1170 2048 1325 2100 Quibus
1365 2061 1454 2086 cum
1484 2050 1525 2086 id
1553 2047 1589 2086 e*
1613 2049 1670 2096 (id
1696 2047 1768 2098 esc)

242 2137 247 2141 ·
289 2123 556 2174 praemissum
593 2123 736 2171 fuerit,
774 2123 867 2161 inde
898 2120 1159 2161 incommoda
1187 2122 1233 2158 de
1263 2118 1425 2172 syllaba
1456 2125 1544 2157 orta
1574 2124 1654 2158 est:
1693 2119 1770 2157 nisi

291 2193 378 2244 quis
429 2193 543 2231 malit
596 2207 665 2232 eas
715 2193 872 2232 litteras
918 2207 1040 2244 supra
1083 2194 1210 2231 dicere
1255 2204 1279 2228 a
1323 2195 1551 2228 correctore
1600 2185 1807 2240 scriptas*

290 2263 428 2301 fuisse.
473 2263 556 2301 Sed
579 2264 656 2302 hoc
684 2269 771 2302 utut
800 2270 874 2307 est,
906 2263 958 2302 ad
990 2263 1215 2302 Varronem
1245 2261 1347 2299 haec
1378 2259 1652 2299 tantummodo
1679 2272 1769 2310 per-

288 2334 443 2371 tinent:
493 2335 609 2372 nibilo
647 2337 767 2383 mayis
802 2337 927 2372 dicere
963 2335 1143 2371 muliebre
1181 2334 1355 2371 muliebri
1392 2333 1538 2369 ricinio.
1612 2325 1769 2381 Quibus

288 2402 357 2440 ubi
380 2402 496 2441 leves
528 2403 724 2455 quasdam
753 2403 962 2442 labeculas
993 2402 1254 2450 absterseris,
1287 2408 1327 2441 et
1356 2401 1556 2441 sententia
1587 2401 1768 2451 emergit,
1838 2419 1841 2426 =

290 2479 330 2512 et
366 2473 443 2526 quo
479 2487 559 2511 non
591 2473 847 2512 mediocriter
884 2488 1015 2513 meam
1051 2474 1235 2513 adiuvari
1277 2472 1546 2511 coniecturam
1585 2470 1768 2518 arbitror,

288 2544 436 2597 probus
466 2544 713 2583 versiculus:

492 2646 599 2685 Nihil
626 2649 747 2696 mayis
769 2647 905 2685 dece're
935 2647 1131 2683 muliere'm
1161 2646 1334 2683 muliebri
1358 2644 1492 2682 rz'cinio
1561 2694 1566 2698 κ

289 2750 376 2787 sive
408 2750 474 2786 Nil
502 2751 622 2798 mayis
648 2747 854 2786 trochaico
884 2747 1126 2799 septenario,

401 2832 652 2870 Devenimus
691 2830 743 2869 ad
783 2829 974 2881 colloquii
1007 2829 1140 2867 locum
1167 2828 1347 2875 tertium,
1382 2827 1491 2866 cuius
1520 2827 1646 2864 maior
1673 2839 1766 2877 pars

287 2901 550 2953 reliquiarum
588 2906 716 2940 extat:
755 2913 875 2952 quem
915 2900 964 2939 de
1001 2900 1271 2939 aedificiorum
1301 2904 1501 2937 structura
1524 2909 1615 2935 esse
1646 2896 1766 2946 signi-
1814 2927 1822 2931 .
