1898 3236
233 218 285 258 72
803 229 1144 265 commentum.

372 335 554 373 tacz'tulus
581 338 703 373 taxim
732 337 914 384 co'nsequi
937 338 1111 385 ,lapdcleio
1139 346 1176 376 et
1203 343 1358 387 ptisana
1387 343 1552 389 possum,

232 435 271 472 in
309 449 386 487 quo
425 436 531 488 quod
569 438 749 474 tacitulus
781 437 961 475 secunda
990 444 1199 477 accentum
1230 440 1374 488 habet,
1419 456 1470 480 ne
1501 450 1593 493 eget
1623 445 1708 496 qui—

232 505 322 543 dem
362 506 644 554 excusatione,
684 507 782 545 licet
822 507 951 546 altera
985 510 1087 547 ratio
1124 509 1246 560 longe
1279 513 1607 564 frequentissima
1647 515 1710 562 sit,

231 576 441 628 Roeperus
475 577 670 616 Meinekii
709 578 917 616 immemor
964 585 1089 617 totum
1126 581 1395 631 fragmentum
1432 585 1601 622 senariis
1640 584 1709 623 de-

232 646 393 698 scripsit
412 661 420 684 :

1140 723 1241 760 hanc

430 788 603 827 Eande'm
634 791 860 838 voluptatem
890 790 1028 828 tticitus
1055 793 1176 846 taxjim
1202 793 1384 842 co'nsequi

430 859 618 908 Lapa'tkio
647 866 684 898 el
707 864 865 907 ptisana
891 861 1059 909 possum.

228 958 387 1009 Quodsi
426 959 514 1011 quis
551 961 655 1001 hanc
694 962 1052 1000 conformationem
1085 964 1312 1014 praeferat,
1354 979 1433 1003 non
1466 972 1599 1017 potest
1630 966 1708 1004 alio

228 1029 313 1076 niti,
345 1043 465 1082 quam
492 1030 600 1083 quod
632 1031 709 1069 hoc
743 1032 972 1084 exemplum
997 1037 1122 1071 totum
1153 1034 1342 1074 decurrat
1361 1035 1558 1084 versibuS,
1590 1037 1630 1075 in
1651 1037 1706 1075 al-

228 1106 313 1138 tero
351 1100 581 1153 pedestrem
621 1103 842 1142 orationem
873 1116 1014 1142 versus
1048 1105 1236 1157 excipiat.
1296 1106 1345 1145 Id
1378 1106 1485 1159 quod
1513 1120 1587 1157 ego
1622 1113 1707 1145 tan-

227 1176 310 1208 tum
348 1171 486 1209 valere
525 1172 676 1220 sentin,
715 1178 778 1219 ut,
824 1175 944 1212 etiam
974 1173 1174 1225 prioribus
1206 1176 1341 1215 verbis
1369 1166 1496 1216 metro
1526 1178 1707 1226 inclusis,

229 1241 521 1292 aliquantulum
571 1241 868 1293 probabilitatis
911 1245 1109 1284 accedere
1142 1246 1429 1287 Meinekianae
1466 1249 1707 1288 restitutioni

226 1309 370 1350 dicam.
431 1312 536 1350 Nam
574 1325 624 1350 ne
660 1312 737 1350 hoc
775 1314 938 1366 quidem
967 1315 1049 1353 suis
1077 1317 1272 1368 exemplis
1306 1325 1436 1367 caret,
1484 1321 1707 1359 Varronem

225 1381 368 1420 eodem
404 1382 630 1421 sententiae
666 1383 817 1422 ambitu
853 1386 1034 1437 prosario
1073 1387 1247 1425 sermoni
1275 1401 1417 1428 versus
1451 1391 1706 1429 continuasse

223 1452 291 1490 vel
332 1453 518 1492 invicem.
579 1453 721 1502 Velut,
751 1459 795 1493 ut
825 1469 847 1493 e
879 1455 1077 1494 contrario
1108 1469 1258 1506 genere
1289 1452 1514 1511 exemplum
1544 1475 1704 1513 ponam,

226 1528 430 1561 Eumnmuum
462 1525 510 1564 fr.
540 1530 585 1566 29
614 1524 721 1564 idem
753 1525 983 1564 Meinekius
1012 1526 1069 1564 ita
1097 1528 1307 1567 verissime
1336 1529 1566 1570 adornavit:

425 1617 476 1652 Et
503 1614 590 1652 e'cce
621 1617 666 1653 de
694 1616 898 1664 improviso
929 1619 981 1654 ad
1008 1629 1076 1655 nos
1106 1618 1252 1656 acce‘dic
1279 1633 1379 1658 cana
1414 1621 1582 1667 Ve'ritas,

334 1687 476 1723 Aelices
503 1686 766 1734 philosophiae
796 1689 962 1724 alumna.

223 1774 329 1813 Vide
361 1787 466 1826 quae
495 1774 545 1813 de
569 1775 731 1814 insertis
764 1790 788 1813 a
815 1777 998 1815 Varrone
1027 1777 1068 1815 in
1100 1791 1211 1816 suam
1243 1781 1464 1818 orationem
1494 1786 1703 1833 poe'tarum

222 1844 390 1882 aliorum
429 1843 612 1884 versibus
649 1846 784 1884 monui
815 1860 852 1899 p.
885 1853 928 1887 12
956 1861 1017 1899 sq.
1076 1846 1203 1899 Atqui
1233 1854 1294 1886 est
1320 1863 1419 1889 sane
1450 1850 1703 1891 duriusculus

222 1915 288 1953 hic
321 1916 539 1967 septenarii
569 1916 722 1955 exitus:
1301 1917 1306 1921 ’

943 2009 1045 2047 Ιιάηο
1074 2011 1232 2046 eandem
1261 2011 1500 2059 voluptdtem.

220 2095 276 2133 Ut
306 2108 356 2133 ea
387 2100 456 2135 aut
484 2095 692 2147 pedestria
721 2096 962 2146 habeamus,
996 2103 1065 2136 aut
1093 2098 1160 2137 vel
1190 2098 1247 2136 ita
1276 2100 1542 2150 refingamus:

782 2188 883 2225 hanc
910 2189 1069 2226 ecindem
1098 2180 1231 2239 [enim]
1261 2190 1498 2238 voluptcitem.

219 2286 301 2324 Sed
339 2286 416 2324 hoc
453 2292 542 2324 utut
571 2293 647 2336 est,
678 2288 909 2341 Roeperum
938 2294 1108 2341 apparet
1138 2290 1300 2328 incaute
1330 2291 1574 2332 locutionem
1607 2299 1700 2334 taci-

217 2359 318 2393 lulus
355 2360 476 2394 taxim
510 2348 732 2398 delevisse:
773 2361 841 2412 qui
878 2359 975 2398 alibi
1006 2347 1188 2413 quoque,
1221 2374 1308 2400 cum
1340 2365 1590 2414 septenarios
1621 2379 1700 2404 non

217 2426 466 2475 attenderet,
517 2429 709 2468 Varronis
755 2431 948 2483 reliquias
996 2431 1102 2469 male
1154 2433 1358 2471 tractavit.
1419 2434 1487 2472 Sic
1525 2439 1701 2473 Vineam:

217 2501 362 2534 Duvnms
395 2498 442 2535 fr.
478 2505 499 2539 9
539 2498 662 2550 (Non.
698 2515 736 2552 p.
768 2509 857 2551 550,
888 2502 946 2553 12)
985 2505 1105 2540 oleum
1136 2506 1175 2540 in
1209 2506 1507 2558 lucubrationem
1533 2512 1699 2545 servavi-

216 2581 317 2614 mus,
349 2581 462 2617 quam
492 2572 531 2606 in
560 2582 748 2621 sparayos
779 2578 893 2610 lotum
924 2576 1075 2622 leqilum
1107 2579 1340 2620 evertamus,
1381 2588 1470 2614 cum
1500 2582 1609 2615 recte
1640 2578 1698 2616 vi-

216 2639 344 2678 disset
372 2653 514 2678 versus
546 2641 771 2690 continere,
802 2643 1019 2681 violentius
1050 2643 1123 2682 hos
1154 2645 1333 2683 senarios
1365 2645 1538 2685 effinxit:

1039 2736 1160 2772 oleum

415 2803 463 2839 In
491 2802 792 2840 lt'ccubralio'nem
825 2802 1170 2853 [con]serv‹ibimus

418 2873 539 2918 Quam
565 2874 603 2908 in
628 2873 816 2923 spa'raqos
843 2875 1059 2913 evertamus
1083 2881 1197 2914 lotam
1226 2877 1426 2926 lecythum.
