1898 3236
777 233 1121 266 comacum-A.
1609 225 1695 266 213·

202 342 266 382 his
305 354 483 394 agnosco
517 337 608 392 περὶ
644 339 880 392 μαρτυρίαςε
923 340 1072 396 etenim
1102 354 1193 398 cum
1220 351 1268 388 ,φι
1301 338 1503 392 syllabam
1533 340 1692 378 vicinus

204 414 335 452 exitus
372 428 457 463 mm
490 411 805 465 praepositionis
843 410 1097 459 detrivisset,
1140 412 1380 466 superstites
1408 410 1570 449 litterae
1611 424 1693 447 mu>-

204 498 321 522 rvpmc
355 485 397 524 in
426 489 509 523 tam
533 482 737 535 frequenti
775 497 796 518 Λ
823 487 864 521 et
903 497 945 528 ι,
983 496 1000 518 r
1037 488 1077 522 et
1110 499 1129 521 τ
1165 483 1463 536 permutatione
1493 481 1582 520 fere
1611 494 1693 520 non

202 561 391 608 poterant
419 567 501 610 non
530 553 572 591 in
602 566 792 591 nsrrrrmc
829 552 955 592 abire.
995 553 1142 606 Neque
1161 558 1254 606 post
1279 565 1341 600 ea,
1365 565 1472 606 quae
1490 565 1530 603 p.
1553 556 1622 592 172
1642 551 1694 590 de

201 625 325 665 Nonii
349 625 482 665 'etiam
519 625 561 663 in
599 624 940 664 manifestissimis
967 623 1089 663 ·vitiis
1128 624 1357 663 constantia
1390 623 1550 670 monui,
1594 622 1692 662 hae-

202 694 371 734 rendum
387 696 438 734 in
469 708 517 734 eo
548 695 658 748 quod
686 693 904 745 μαρτυρίας
926 693 989 733 bis
1007 693 1070 732 ab
1097 693 1396 746 exemplaribus
1417 693 1543 733 Nonii
1575 694 1693 733 offer-

200 772 278 804 tur.
343 767 455 817 Ergo
508 765 558 804 de
600 765 844 819 φιλαργυρίᾳ
891 778 982 804 cum
1024 771 1202 814 constet,
1255 765 1299 804 in
1341 765 1412 804 illo
1465 779 1694 803 AnoYlssumc

203 837 479 890 quaerendum
511 837 599 876 sive
629 850 781 886 nomen·
805 838 892 888 sive
920 835 1201 889 proverbium,
1239 835 1347 888 quod
1379 842 1474 888 apte
1505 836 1694 887 coniungi

204 922 294 947 cum
323 906 565 962 φιλαργυρίᾳ
592 909 735 961 possit.
790 907 843 946 Id
859 906 980 959 quod
1007 903 1113 957 nego
1144 906 1195 946 de
1224 907 1332 946 Iunii
1363 897 1589 946 commento
1619 901 1692 957 ἅμ-

203 991 279 1029 μον
315 979 489 1030 μετρεῐς,
528 979 638 1031 quod
676 978 877 1018 oehlerus
914 983 1070 1016 tuetur:
1094 978 1161 1016 ·de
1192 979 1306 1017 cuius
1331 977 1538 1030 proverbii
1564 990 1641 1016 usu
1671 991 1696 1016 a

204 1047 444 1102 φιλαργυρία
470 1049 604 1090 alieno
632 1050 696 1089 cf.
710 1048 1165 1102 paroemiographorum
1194 1062 1339 1100 corpus
1371 1048 1644 1099 Gottingense
1672 1048 1694 1087 I

205 1135 244 1173 p.
270 1125 313 1162 27
333 1120 392 1159 ΙΙ
419 1134 460 1182 p.
484 1125 519 1162 7.
578 1121 668 1159 Nec
705 1120 829 1181 multo
859 1118 1172 1174 probabiliorem
1199 1132 1291 1158 esse
1319 1118 1459 1157 Rothii
1490 1119 1693 1157 coniectu-

204 1205 291 1230 ram
321 1184 427 1241 ἆμοῦ
453 1193 583 1242 μενεῖς
610 1191 764 1238 fateor,
804 1190 917 1229 cuius
938 1189 1143 1242 proverbii
1177 1194 1392 1241 praeterea
1416 1193 1563 1227 testem
1588 1188 1694 1227 desi-

208 1262 319 1302 dero.
377 1261 524 1301 Paullo
562 1262 704 1312 melius
740 1262 782 1300 in
818 1260 1085 1312 φιλαργυρίαν
1119 1260 1322 1313 quadrare
1355 1258 1537 1299 Tumebi
1567 1258 1694 1311 (Adv.

206 1346 307 1372 xxnr
337 1332 376 1384 2)
403 1333 611 1371 inventum
638 1332 802 1371 videtur
828 1326 961 1379 ἄλλοις
988 1329 1129 1382 μέλεις,
1162 1345 1407 1386 quamquam
1435 1344 1487 1370 ne
1507 1331 1586 1370 hoc
1608 1332 1694 1384 qui·

186 1404 299 1459 ‘dem
323 1417 404 1456 quo
429 1403 609 1442 firmetur
636 1404 908 1442 testimonium
937 1403 1036 1460 mihi
1060 1405 1102 1442 in
1131 1409 1318 1456 promptu
1349 1408 1424 1441 est.
1466 1402 1596 1441 Tituli
1619 1403 1694 1454 igi-

206 1480 274 1523 tur
300 1487 388 1512 cum
419 1473 595 1512 nondum
633 1475 787 1527 possim
813 1474 1211 1527 utramquepartem
1238 1475 1451 1524 integram-
1466 1478 1693 1525 praestare,

204 1545 330 1583 liceat
372 1545 413 1582 in
459 1550 695 1600 transcursu
743 1546 830 1584 eius
878 1552 1041 1585 saturae
1080 1546 1131 1585 fr.
1171 1553 1213 1594 1,
1235 1539 1239 1542 ⁴
1264 1544 1328 1583 cui
1368 1545 1543 1583 maxime
1583 1543 1692 1584 Oeh-

206 1617 282 1655 leri
313 1615 501 1654 socordia
536 1615 691 1664 obfuit,
740 1616 991 1656 emendatius
1031 1616 1232 1667 scribere3
1272 1615 1542 1666 fragmentum
1573 1615 1691 1662 enim,

208 1686 316 1739 quod
351 1686 423 1725 ille
458 1687 500 1738 in
534 1686 642 1725 hunc
679 1687 842 1726 modum
871 1689 1094 1740 expressit:
1137 1687 1215 1724 Nos
1242 1686 1421 1732 barbari,
1459 1689 1561 1734 quod
1578 1689 1693 1725 'inno-

207 1763 335 1796 centes
371 1760 411 1795 in
446 1759 625 1806 gabalum
655 1758 897 1807 suffiyimus:
935 1772 1000 1798 vos
1028 1771 1104 1798 non
1133 1758 1310 1802 barbari,
1349 1758 1418 1805 qui
1441 1759 1580 1795 'noxios
1606 1770 1695 1796 con-

208 1832 372 1867 suestis?
410 1829 467 1867 ita
502 1827 666 1867 tradunt
703 1827 796 1867 libri
831 1829 956 1883 Nonii
990 1843 1032 1882 p.
1070 1834 1158 1879 117,
1201 1832 1261 1868 13:
1306 1838 1376 1864 nos
1410 1829 1573 1866 barbari
1602 1859 1609 1866 .
1644 1859 1651 1866 .

206 1901 427 1950 suffiyimus
467 1901 656 1940 homines,-
701 1911 766 1937 vos
801 1913 877 1939 non
916 1902 950 1938 b.
989 1902 1082 1949 quid
1116 1895 1269 1938 noxio-§¹⁵
1290 1901 1479 1937 obaesus?
1527 1900 1698 1936 homines

208 1970 343 2009 omisit
382 1969 551 2010 Oehleri
590 1969 768 2018 incuria,
807 1971 876 2023 qui
912 1975 1128 2022 praeterea
1154 1983 1245 2008 cum
1272 1970 1315 2007 in
1343 1969 1605 2008 adnotatione
1633 1975 1696 2008 ter

207 2041 283 2080 uon
307 2080 312 2084 ,
332 2041 471 2080 scribit
505 2054 579 2092 pro
609 2031 1068 2091 noxioQAneglege’ntia
1098 2039 1206 2078 fallit
1232 2039 1420 2078 lectores.
1487 2041 1567 2079 Pro
1605 2042 1700 2088 quid

209 2111 440 2162 ambiguum
477 2116 540 2149 est
575 2116 709 2148 utrum
750 2123 840 2148 cum
869 2110 986 2148 Iunio
1015 2113 1119 2158 quod
1144 2124 1197 2150 an
1227 2123 1322 2148 cum*
1344 2109 1495 2149 Rothio
1524 2123 1695 2162 repona-

208 2188 272 2219 tur
296 2183 374 2229 qui.
417 2167 580 2219 obuestis
610 2194 700 2219 cum
726 2180 927 2220 Oehlerus
959 2182 1181 2232 corrigeret
1209 2182 1251 2220 in
1280 2184 1504 2227 consuestis,
1535 2186 1696 2220 senten-

209 2251 307 2289 tiam
342 2252 537 2302 corrupit:
584 2265 704 2304 quam
733 2252 943 2291 Mercerus
973 2252 1165 2302 tetigerat
1194 2254 1357 2290 solvistis
1381 2251 1581 2303 reposito,
1619 2250 1697 2289 nisi

211 2320 317 2373 quod
357 2321 496 2372 paullo
536 2323 769 2362 concinnius
807 2324 950 2362 solvitis
986 2335 1182 2375 praesens
1221 2323 1399 2360 futurum
1428 2326 1530 2362 erat.
1595 2320 1697 2360 Ger-

213 2405 372 2430 manam
411 2392 650 2444 scripturam
685 2393 938 2446 eandemque
971 2393 1310 2445 simplicissimam
1338 2394 1530 2432 absolvitis
1558 2391 1698 2430 Iunius

211 2462 411 2514 repperit:
465 2475 547 2514 qua
590 2470 758 2516 recepta
803 2469 844 2503 et
881 2478 987 2516 pone
1020 2466 1190 2504 homines
1223 2464 1378 2503 inserta
1422 2469 1459 2502 et
1498 2463 1700 2515 particula

213 2533 292 2572 duo
323 2533 518 2572 octonarii
543 2533 711 2574 iambici
738 2534 958 2586 prodeunt.

415 2605 493 2642 Nos
521 2605 691 2652 ba'rbari,
721 2608 823 2654 quod
850 2605 1069 2644 annocentes
1099 2606 1139 2645 in
1161 2608 1340 2655 qabalum
1365 2606 1591 2656 sussiyimus

415 2674 623 2713 Homines?
662 2680 700 2714 et
727 2682 792 2715 vos
820 2689 895 2715 mm
925 2677 1096 2722 hdr-bari,
1125 2679 1192 2725 qm·
1213 2677 1351 2715 no'xios
1381 2679 1597 2716 absolvitis?

325 2744 466 2783 Redeo
489 2744 541 2784 ad
556 2744 712 2785 indices
731 2733 970 2785 saturarum.
1000 2747 1315 2798 Inscriptionem
1336 2746 1546 2797 Τριοδίτης
1564 2742 1701 2799 τριπό-

212 2817 294 2861 arog
323 2812 413 2866 περὶ
442 2808 585 2866 ἀρετῆς
613 2808 807 2865 κτήσεως,
845 2814 897 2854 de
924 2816 1038 2855 cuius
1067 2817 1241 2856 veritate
1271 2816 1511 2856 addubitare
1539 2818 1700 2857 Merck·

212 2887 318 2926 linus
347 2886 522 2934 videtur,
552 2892 649 2938 puto
670 2886 898 2925 Mercerum
925 2900 1005 2926 non
1033 2887 1355 2940 improbabiliter
1381 2888 1624 2941 explicuisse
1648 2887 1701 2928 ad
