1898 3236
718 245 1073 282 ·comncmmm.
1570 244 1648 284 109

161 355 266 394 scire
306 355 484 395 debebat
519 351 641 394 hodie
678 355 895 394 Ritschelii
923 356 1097 395 maxime
1127 355 1470 410 Fleckeisenique
1507 358 1648 397 soller-

160 427 219 465 tia
248 426 409 466 sublata
439 440 543 466 esse.
601 426 850 465 Ritschelius
879 432 1015 464 autem
1052 440 1158 479 quae
1191 428 1232 466 in
1266 428 1565 480 prolegomenis
1596 430 1650 468 ad

159 498 436 537 Trinummum
469 513 510 552 p.
540 510 760 538 cnxxxvm
790 510 852 549 sq.
891 495 942 534 de
973 497 1080 535 omni
1107 498 1243 538 hiatus
1280 501 1437 539 ratione
1468 500 1648 553 disputa-

160 569 286 617 verit,
324 569 383 608 eis
420 582 564 609 vereor
591 575 636 608 ut
664 570 876 620 Roeperus
905 567 1006 606 satis
1033 568 1256 620 prudenter
1283 570 1325 608 in
1352 584 1469 610 suam·
1490 577 1647 624 partem

159 653 255 678 usus
282 640 345 678 sit.
406 639 517 692 Quid
540 639 689 691 igitur?
740 640 826 678 Aut
851 639 986 678 nullus
1017 647 1079 679 est
1108 640 1178 679 ille
1203 654 1358 691 versus,
1390 643 1648 696 quantumvis

159 709 360 759 videatur,
391 717 460 750 aut
490 710 690 750 delendus
721 711 797 750 erit
820 711 976 750 hiatus:
1017 711 1060 750 id
1084 711 1194 764 quod
1222 712 1300 750 hoc
1329 712 1447 751 modo
1476 713 1646 752 licebat:

359 806 502 862 'Itaque
532 819 623 852 tunc
650 815 759 852 emim
784 816 1003 852 mordacem
1029 813 1321 853 ccilcitronemve
1349 816 1534 853 horridus

359 884 472 923 Miles
502 897 548 923 ac
579 887 639 923 vir
668 885 744 922 no'n
771 887 924 924 vitabat.

157 985 352 1024 Additam
390 997 434 1023 ve
460 985 700 1038 particulam
733 986 990 1025 commendat
1017 986 1206 1026 laudatus
1234 1001 1259 1026 a
1287 988 1476 1040 Roepero
1505 988 1646 1027 Labeo

132 1056 266 1110 ‘apud
298 1057 475 1097 Gellium
504 1058 566 1097 IV
594 1064 637 1106 2,
668 1066 709 1099 5:
745 1070 866 1107 equus
903 1061 1070 1097 mordax·
1100 1064 1167 1096 aut
1196 1061 1355 1097 calcitro
1386 1063 1542 1098 vitiosus
1571 1074 1646 1098 non

157 1131 355 1168 morbosus
393 1136 460 1169 est.
507 1132 690 1168 horridus
724 1132 832 1168 miles
869 1136 1023 1179 autem,
1058 1136 1102 1168 ut
1145 1136 1206 1169 est
1242 1130 1283 1167 in
1313 1130 1496 1181 margine
1525 1131 1645 1179 Iunii,

161 1213 250 1238 cum
285 1199 408 1238 Ennii
445 1214 569 1240 versu
600 1200 815 1240 adiuvetur
855 1216 948 1240 ann.
982 1207 1068 1243 273:
1108 1204 1310 1250 Spernitur
1344 1207 1477 1239 orator
1514 1204 1645 1248 bonus,

158 1273 338 1310 horridu’
366 1274 473 1310 miles
503 1268 678 1319 amatur,
708 1279 792 1311 tum
820 1286 902 1311 non
930 1272 1059 1311 solum
1088 1285 1170 1310 non
1198 1271 1435 1320 verendum,
1462 1285 1514 1310 ne
1542 1273 1646 1310 ‘hor-

157 1344 278 1388 ridus,
313 1342 512 1395 quo-loco
536 1342 713 1394 positum
742 1345 815 1392 sit,
845 1343 1012 1381 nimium
1038 1344 1230 1382 efferatur
1242 1344 1270 1391 ⁹,
1303 1343 1376 1382 sed
1407 1357 1456 1382 ea
1486 1344 1577 1396 ipsa
1605 1343 1647 1382 vi

156 1409 269 1453 vocis
310 1413 411 1452 nihil
458 1414 588 1464 magis
634 1415 819 1465 congruit
855 1409 1084 1453 sentehtiae
1116 1411 1332 1462 Varronis,
1377 1415 1447 1468 qui
1480 1414 1644 1453 horrido

155 1486 314 1538 pristini
348 1485 541 1538 temporis
576 1485 696 1524 militi
728 1498 826 1524 suae
860 1486 1006 1524 aetatis
1042 1484 1239 1524 trossulos
1275 1484 1473 1524 delicatos
1506 1484 1571 1537 (fr.
1602 1485 1641 1537 4)

158 1557 335 1608 opponit.
380 1557 472 1595 Hoc
502 1562 636 1595 autem
663 1556 713 1595 fr.
743 1563 768 1597 4
797 1570 899 1605 cum,
930 1563 974 1595 ut
1003 1569 1127 1609 supra
1155 1557 1312 1608 scripsi,
1341 1557 1391 1594 in‘
1410 1555 1524 1594 libris
1552 1569 1644 1608 per—

155 1627 355 1675 hibeatur,
385 1627 598 1679 Roeperus
625 1627 667 1664 in
695 1628 940 1680 septenario,
973 1622 1092 1680 quem
1124 1628 1366 1674 efformavit,
1398 1640 1481 1665 non
1510 1627 1643 1665 feren-

157 1698 250 1736 dam
286 1711 378 1736 esse
406 1704 500 1750 post
529 1698 720 1755 creticum
755 1711 846 1736 cum
873 1698 1097 1750 spondaica
1128 1711 1230 1736 voce
1261 1698 1515 1736 coniunctam
1546 1710 1642 1735 ana-

154 1769 378 1821 paesticam
413 1767 633 1820 prudenter
666 1768 873 1807 iudicavit.
933 1767 1073 1820 Quare
1101 1782 1182 1822 quo
1214 1773 1447 1806 constarent
1474 1768 1643 1815 numeri,

157 1855 257 1893 quos
290 1847 403 1880 certa
430 1839 582 1878 indicia
611 1846 653 1879 et
684 1844 827 1892 aperta
852 1852 942 1877 cum
973 1840 1181 1892 superiore
1211 1839 1260 1878 fr.
1294 1837 1522 1877 coniunctio
1551 1851 1642 1876 sua-

156 1911 266 1959 dent,
296 1911 651 1964 transpositionem
679 1909 882 1950 adhibuit:

356 2013 490 2052 Νάνάο
519 2015 631 2051 nitidi
658 2014 816 2051 tro'ssuli
843 2014 953 2062 vulqo
979 2006 1110 2050 'Atticm
1139 2012 1281 2050 tale'nto
1309 2023 1429 2050 ecum.

152 2114 306 2154 Videor
332 2115 431 2153 mihi
434 2115 595 2170 ,paullo
625 2115 758 2153 lenius
787 2127 930 2152 versus
959 2114 1043 2164 legi
1073 2114 1314 2152 satisfacere
1344 2105 1488 2165 posse-t

1166 2206 1270 2242 minc
1296 2211 1426 2243 emunt

358 2277 531 2314 Tro'ssuli
557 2276 683 2313 roardo
712 2277 832 2320 nitidi,
858 2280 900 2312 ul
932 2276 1054 2323 vulqo,
1084 2267 1214 2313 :Attico
1243 2276 1384 2314 tale'nto
1413 2287 1534 2314 ecum.

150 2372 192 2403 ut
215 2368 324 2414 vulyo
351 2364 460 2417 quod
485 2370 635 2418 aequat
659 2365 747 2403 fere
774 2377 966 2415 graecum
997 2354 1048 2410 ὦς
1071 2360 1135 2403 ἐπὶ
1163 2359 1207 2403 τὸ
1225 2361 1338 2405 πολύ.
1379 2367 1526 2420 Itaque
1545 2381 1639 2419 pos-

153 2441 244 2474 sunt
274 2448 380 2473 nunc
409 2435 513 2474 haec
543 2434 816 2488 superioribus
842 2436 900 2474 ita
929 2435 1016 2474 fere
1048 2437 1290 2476 continuari:

350 2518 493 2575 'Itaque
520 2533 611 2564 tunc
639 2528 747 2564 ect'cm
777 2529 995 2565 mordacem
1025 2526 1316 2566 cdlcitronemve
1342 2530 1526 2567 horridus

352 2596 466 2634 Miles
495 2609 542 2635 ac
564 2600 623 2635 vir
654 2598 729 2635 ηόη
758 2599 923 2636 vitabat:
953 2597 1067 2649 [a'deo
1094 2598 1248 2650 contra]
1279 2601 1382 2637 nanc
1411 2606 1540 2638 emunt

357 2667 530 2705 Trossuli
550 2660 680 2706 'nar-1115
705 2670 825 2715 nitidi,
852 2675 896 2707 ut
925 2672 1047 2720 vulqo,
1075 2665 1206 2709 'Attico
1235 2671 1377 2709 tale'nto
1401 2683 1519 2709 ecum.

149 2755 307 2795 Eodem
345 2756 451 2795 enim
489 2757 641 2796 ambitu
673 2748 784 2796 ill‘as-
808 2760 1032 2798 sententias
1071 2761 1377 2814 comprehendi,
1422 2775 1491 2808 ea,
1530 2775 1635 2814 quae

149 2828 322 2866 Varroni
350 2828 390 2866 in
421 2827 591 2876 deliciis,
624 2834 714 2867 tunc
744 2843 915 2868 —nunc
945 2831 1233 2882 particularum
1264 2832 1464 2884 oppositio
1494 2832 1634 2883 exigit.

148 2897 309 2951 Quippe
334 2898 457 2937 cardo
483 2904 524 2937 et
549 2912 702 2949 summa
724 2901 942 2938 universae
968 2902 1134 2940 rationis
1162 2902 1445 2941 Varronianae
1470 2903 1512 2940 in
1540 2916 1633 2941 con-
