<?xml version="1.0" encoding="UTF-8"?>
<!DOCTYPE html PUBLIC "-//W3C//DTD XHTML 1.0 Transitional//EN"
    "http://www.w3.org/TR/xhtml1/DTD/xhtml1-transitional.dtd">
<html xmlns="http://www.w3.org/1999/xhtml" xml:lang="en" lang="en">
 <head>
  <title>
</title>
<meta http-equiv="Content-Type" content="text/html;charset=utf-8" />
  <meta name='ocr-system' content='tesseract 3.04.00' />
  <meta name='ocr-capabilities' content='ocr_page ocr_carea ocr_par ocr_line ocrx_word'/>
</head>
<body>
  <div class='ocr_page' id='page_1' title='image "./inmterentivarron00vahluoft/inmterentivarron00vahluoft_0067.png"; bbox 0 0 1898 3236; ppageno 0'>
   <div class='ocr_carea' id='block_1_1' title="bbox 748 277 1662 318">
    <p class='ocr_par' dir='ltr' id='par_1_1' title="bbox 748 277 1662 318">
     <span class='ocr_line' id='line_1_1' title="bbox 748 277 1662 318; baseline -0.001 -1"><span class='ocrx_word' id='word_1_1' title='bbox 748 285 1092 318; x_wconf 71' lang='lat' dir='ltr'><strong>comscrANEA.</strong></span> <span class='ocrx_word' id='word_1_2' title='bbox 1607 277 1662 316; x_wconf 85' lang='lat'><strong>57</strong></span> 
     </span>
    </p>
   </div>
   <div class='ocr_carea' id='block_1_2' title="bbox 177 382 1694 1370">
    <p class='ocr_par' dir='ltr' id='par_1_2' title="bbox 177 382 1694 1370">
     <span class='ocr_line' id='line_1_2' title="bbox 180 382 1664 446; baseline -0.002 -13"><span class='ocrx_word' id='word_1_3' title='bbox 180 394 325 446; x_wconf 81' lang='lat' dir='ltr'><strong>scripsi</strong></span> <span class='ocrx_word' id='word_1_4' title='bbox 360 400 537 443; x_wconf 80' lang='lat' dir='ltr'><strong>spectare</strong></span> <span class='ocrx_word' id='word_1_5' title='bbox 577 407 666 432; x_wconf 89' lang='lat' dir='ltr'><strong>cum</strong></span> <span class='ocrx_word' id='word_1_6' title='bbox 703 391 896 432; x_wconf 79' lang='lat' dir='ltr'><strong>&#39;rm-nebo</strong></span> <span class='ocrx_word' id='word_1_7' title='bbox 935 394 978 432; x_wconf 91' lang='lat' dir='ltr'><strong>in</strong></span> <span class='ocrx_word' id='word_1_8' title='bbox 1007 392 1254 431; x_wconf 87' lang='lat' dir='ltr'><strong>adversariis</strong></span> <span class='ocrx_word' id='word_1_9' title='bbox 1282 382 1438 431; x_wconf 89' lang='lat' dir='ltr'><strong>XXIX</strong></span> <span class='ocrx_word' id='word_1_10' title='bbox 1468 397 1540 431; x_wconf 64' lang='lat'><strong>225</strong></span> <span class='ocrx_word' id='word_1_11' title='bbox 1573 390 1664 430; x_wconf 87' lang='lat' dir='ltr'>libri</span> 
     </span>
     <span class='ocr_line' id='line_1_3' title="bbox 183 460 1694 518; baseline -0.001 -14"><span class='ocrx_word' id='word_1_12' title='bbox 183 466 306 517; x_wconf 88' lang='lat' dir='ltr'><strong>(Non.</strong></span> <span class='ocrx_word' id='word_1_13' title='bbox 338 481 377 518; x_wconf 89' lang='lat' dir='ltr'><strong>p.</strong></span> <span class='ocrx_word' id='word_1_14' title='bbox 405 473 470 514; x_wconf 85' lang='lat'><strong>99,</strong></span> <span class='ocrx_word' id='word_1_15' title='bbox 508 464 571 517; x_wconf 82' lang='lat'><strong>25)</strong></span> <span class='ocrx_word' id='word_1_16' title='bbox 602 470 830 514; x_wconf 78' lang='lat' dir='ltr'><strong>expectare,</strong></span> <span class='ocrx_word' id='word_1_17' title='bbox 869 464 977 517; x_wconf 88' lang='lat' dir='ltr'><strong>quod</strong></span> <span class='ocrx_word' id='word_1_18' title='bbox 1013 477 1103 503; x_wconf 91' lang='lat' dir='ltr'><strong>cum</strong></span> <span class='ocrx_word' id='word_1_19' title='bbox 1134 462 1336 503; x_wconf 88' lang='lat' dir='ltr'><strong>Oehlerus</strong></span> <span class='ocrx_word' id='word_1_20' title='bbox 1364 467 1526 501; x_wconf 88' lang='lat' dir='ltr'><strong>tueatur</strong></span> <span class='ocrx_word' id='word_1_21' title='bbox 1552 460 1663 514; x_wconf 88' lang='lat' dir='ltr'><strong>(esse</strong></span> <span class='ocrx_word' id='word_1_22' title='bbox 1691 499 1694 502; x_wconf 83' lang='lat'><strong>.</strong></span> 
     </span>
     <span class='ocr_line' id='line_1_4' title="bbox 182 533 1661 588; baseline -0.003 -11"><span class='ocrx_word' id='word_1_23' title='bbox 182 539 287 577; x_wconf 87' lang='lat' dir='ltr'><strong>enim</strong></span> <span class='ocrx_word' id='word_1_24' title='bbox 325 539 382 576; x_wconf 86' lang='lat' dir='ltr'><strong>ait</strong></span> <span class='ocrx_word' id='word_1_25' title='bbox 407 551 457 577; x_wconf 85' lang='lat' dir='ltr'><strong>ex</strong></span> <span class='ocrx_word' id='word_1_26' title='bbox 491 537 589 576; x_wconf 86' lang='lat' dir='ltr'><strong>sede</strong></span> <span class='ocrx_word' id='word_1_27' title='bbox 619 550 691 575; x_wconf 91' lang='lat' dir='ltr'><strong>suo</strong></span> <span class='ocrx_word' id='word_1_28' title='bbox 720 540 906 588; x_wconf 82' lang='lat' dir='ltr'><strong>spectare</strong></span> <span class='ocrx_word' id='word_1_29' title='bbox 935 534 1003 574; x_wconf 87' lang='lat' dir='ltr'><strong>vel</strong></span> <span class='ocrx_word' id='word_1_30' title='bbox 1033 548 1056 574; x_wconf 89' lang='lat' dir='ltr'><strong>e</strong></span> <span class='ocrx_word' id='word_1_31' title='bbox 1086 534 1306 587; x_wconf 81' lang='lat' dir='ltr'><strong>longinquo</strong></span> <span class='ocrx_word' id='word_1_32' title='bbox 1338 533 1564 586; x_wconf 88' lang='lat' dir='ltr'><strong>spectare),</strong></span> <span class='ocrx_word' id='word_1_33' title='bbox 1602 534 1661 573; x_wconf 88' lang='lat' dir='ltr'><strong>vi-</strong></span> 
     </span>
     <span class='ocr_line' id='line_1_5' title="bbox 182 604 1662 662; baseline -0.002 -14"><span class='ocrx_word' id='word_1_34' title='bbox 182 609 297 658; x_wconf 85' lang='lat' dir='ltr'><strong>deat,</strong></span> <span class='ocrx_word' id='word_1_35' title='bbox 339 622 417 662; x_wconf 91' lang='lat' dir='ltr'><strong>quo</strong></span> <span class='ocrx_word' id='word_1_36' title='bbox 455 610 542 648; x_wconf 88' lang='lat' dir='ltr'><strong>iure</strong></span> <span class='ocrx_word' id='word_1_37' title='bbox 572 606 737 646; x_wconf 88' lang='lat' dir='ltr'><strong>incertis</strong></span> <span class='ocrx_word' id='word_1_38' title='bbox 767 612 808 646; x_wconf 89' lang='lat' dir='ltr'><strong>et</strong></span> <span class='ocrx_word' id='word_1_39' title='bbox 842 605 942 660; x_wconf 90' lang='lat' dir='ltr'><strong>ipsis</strong></span> <span class='ocrx_word' id='word_1_40' title='bbox 970 605 1072 645; x_wconf 88' lang='lat' dir='ltr'><strong>locis</strong></span> <span class='ocrx_word' id='word_1_41' title='bbox 1101 605 1238 645; x_wconf 82' lang='lat' dir='ltr'><strong>Plauti</strong></span> <span class='ocrx_word' id='word_1_42' title='bbox 1267 604 1506 643; x_wconf 82' lang='lat' dir='ltr'><strong>Aululariae</strong></span> <span class='ocrx_word' id='word_1_43' title='bbox 1536 604 1598 643; x_wconf 95' lang='lat' dir='ltr'><strong>IV</strong></span> <span class='ocrx_word' id='word_1_44' title='bbox 1626 611 1662 651; x_wconf 89' lang='grc'><strong>8,</strong></span> 
     </span>
     <span class='ocr_line' id='line_1_6' title="bbox 181 675 1664 727; baseline -0.005 -5"><span class='ocrx_word' id='word_1_45' title='bbox 181 686 202 722; x_wconf 90' lang='grc'><strong>7</strong></span> <span class='ocrx_word' id='word_1_46' title='bbox 233 685 280 719; x_wconf 85' lang='lat' dir='ltr'><strong>et</strong></span> <span class='ocrx_word' id='word_1_47' title='bbox 302 679 483 727; x_wconf 77' lang='lat' dir='ltr'><strong>Petronii</strong></span> <span class='ocrx_word' id='word_1_48' title='bbox 516 691 550 717; x_wconf 85' lang='lat' dir='ltr'><strong>c.</strong></span> <span class='ocrx_word' id='word_1_49' title='bbox 583 683 626 719; x_wconf 90' lang='grc'><strong>17</strong></span> <span class='ocrx_word' id='word_1_50' title='bbox 656 682 802 716; x_wconf 89' lang='lat' dir='ltr'><strong>utatur.</strong></span> <span class='ocrx_word' id='word_1_51' title='bbox 864 676 987 716; x_wconf 83' lang='lat' dir='ltr'>Certe</span> <span class='ocrx_word' id='word_1_52' title='bbox 1017 690 1041 716; x_wconf 85' lang='lat' dir='ltr'><strong>e</strong></span> <span class='ocrx_word' id='word_1_53' title='bbox 1069 677 1290 715; x_wconf 87' lang='lat' dir='ltr'><strong>Burmanni</strong></span> <span class='ocrx_word' id='word_1_54' title='bbox 1320 675 1581 714; x_wconf 82' lang='lat' dir='ltr'><strong>adnotatione</strong></span> <span class='ocrx_word' id='word_1_55' title='bbox 1611 675 1664 714; x_wconf 89' lang='lat' dir='ltr'><strong>ad</strong></span> 
     </span>
     <span class='ocr_line' id='line_1_7' title="bbox 180 733 1666 803; baseline -0.005 -11"><span class='ocrx_word' id='word_1_56' title='bbox 180 752 360 792; x_wconf 86' lang='lat' dir='ltr'><strong>Petronii</strong></span> <span class='ocrx_word' id='word_1_57' title='bbox 399 733 434 789; x_wconf 54' lang='lat'><strong>1}</strong></span> <span class='ocrx_word' id='word_1_58' title='bbox 467 764 502 790; x_wconf 81' lang='lat' dir='ltr'><strong>c.</strong></span> <span class='ocrx_word' id='word_1_59' title='bbox 542 755 704 803; x_wconf 85' lang='lat' dir='ltr'><strong>poterat</strong></span> <span class='ocrx_word' id='word_1_60' title='bbox 740 747 851 788; x_wconf 91' lang='lat' dir='ltr'><strong>aliud</strong></span> <span class='ocrx_word' id='word_1_61' title='bbox 887 747 1058 786; x_wconf 80' lang='lat' dir='ltr'><strong>discere.</strong></span> <span class='ocrx_word' id='word_1_62' title='bbox 1089 793 1092 795; x_wconf 14' lang='grc' dir='ltr'><strong>Α</strong></span> <span class='ocrx_word' id='word_1_63' title='bbox 1122 749 1213 799; x_wconf 83' lang='lat' dir='ltr'><strong>Ego</strong></span> <span class='ocrx_word' id='word_1_64' title='bbox 1247 761 1330 786; x_wconf 90' lang='lat' dir='ltr'><strong>non</strong></span> <span class='ocrx_word' id='word_1_65' title='bbox 1369 746 1529 798; x_wconf 67' lang='lat' dir='ltr'><strong>dubito²</strong></span> <span class='ocrx_word' id='word_1_66' title='bbox 1569 748 1666 800; x_wconf 90' lang='lat' dir='ltr'><strong>quin</strong></span> 
     </span>
     <span class='ocr_line' id='line_1_8' title="bbox 179 818 1665 872; baseline -0.001 -12"><span class='ocrx_word' id='word_1_67' title='bbox 179 827 389 872; x_wconf 77' lang='lat' dir='ltr'><strong>expectare</strong></span> <span class='ocrx_word' id='word_1_68' title='bbox 425 826 563 860; x_wconf 89' lang='lat' dir='ltr'><strong>natum</strong></span> <span class='ocrx_word' id='word_1_69' title='bbox 597 821 648 860; x_wconf 91' lang='lat' dir='ltr'><strong>sit</strong></span> <span class='ocrx_word' id='word_1_70' title='bbox 676 834 727 860; x_wconf 84' lang='lat' dir='ltr'><strong>ex</strong></span> <span class='ocrx_word' id='word_1_71' title='bbox 757 833 805 859; x_wconf 89' lang='lat' dir='ltr'><strong>eo</strong></span> <span class='ocrx_word' id='word_1_72' title='bbox 835 820 1059 872; x_wconf 80' lang='lat' dir='ltr'><strong>scripturae</strong></span> <span class='ocrx_word' id='word_1_73' title='bbox 1085 833 1182 867; x_wconf 85' lang='lat' dir='ltr'><strong>usu,</strong></span> <span class='ocrx_word' id='word_1_74' title='bbox 1216 832 1335 872; x_wconf 84' lang='lat' dir='ltr'><strong>quem</strong></span> <span class='ocrx_word' id='word_1_75' title='bbox 1363 818 1577 871; x_wconf 85' lang='lat' dir='ltr'><strong>aliquoties</strong></span> <span class='ocrx_word' id='word_1_76' title='bbox 1606 824 1665 858; x_wconf 90' lang='lat' dir='ltr'><strong>te-</strong></span> 
     </span>
     <span class='ocr_line' id='line_1_9' title="bbox 180 875 1668 944; baseline -0.002 -13"><span class='ocrx_word' id='word_1_77' title='bbox 180 875 262 943; x_wconf 85' lang='lat' dir='ltr'><strong>tigi.</strong></span> <span class='ocrx_word' id='word_1_78' title='bbox 324 891 388 931; x_wconf 84' lang='lat' dir='ltr'><strong>Of.</strong></span> <span class='ocrx_word' id='word_1_79' title='bbox 424 906 464 944; x_wconf 92' lang='lat' dir='ltr'><strong>p.</strong></span> <span class='ocrx_word' id='word_1_80' title='bbox 495 899 552 934; x_wconf 77' lang='lat'><strong>29.</strong></span> <span class='ocrx_word' id='word_1_81' title='bbox 586 898 642 934; x_wconf 81' lang='lat'><strong>49.</strong></span> <span class='ocrx_word' id='word_1_82' title='bbox 704 877 899 931; x_wconf 67' lang='lat' dir='ltr'><strong>Similiter</strong></span> <span class='ocrx_word' id='word_1_83' title='bbox 939 902 1112 940; x_wconf 74' lang='lat' dir='ltr'><strong>expuere</strong></span> <span class='ocrx_word' id='word_1_84' title='bbox 1146 904 1218 942; x_wconf 92' lang='lat' dir='ltr'><strong>pro</strong></span> <span class='ocrx_word' id='word_1_85' title='bbox 1255 902 1397 938; x_wconf 79' lang='lat' dir='ltr'><strong>spuere</strong></span> <span class='ocrx_word' id='word_1_86' title='bbox 1433 891 1475 928; x_wconf 91' lang='lat' dir='ltr'><strong>in</strong></span> <span class='ocrx_word' id='word_1_87' title='bbox 1511 890 1668 942; x_wconf 77' lang='lat' dir='ltr'><strong>aliquot</strong></span> 
     </span>
     <span class='ocr_line' id='line_1_10' title="bbox 179 961 1664 1015; baseline -0.001 -13"><span class='ocrx_word' id='word_1_88' title='bbox 179 962 385 1002; x_wconf 80' lang='lat' dir='ltr'><strong>codicibus</strong></span> <span class='ocrx_word' id='word_1_89' title='bbox 413 964 536 1003; x_wconf 88' lang='lat' dir='ltr'><strong>Nonii</strong></span> <span class='ocrx_word' id='word_1_90' title='bbox 563 963 713 1014; x_wconf 83' lang='lat' dir='ltr'><strong>legitur</strong></span> <span class='ocrx_word' id='word_1_91' title='bbox 733 972 775 1015; x_wconf 76' lang='lat' dir='ltr'><strong>p;</strong></span> <span class='ocrx_word' id='word_1_92' title='bbox 796 967 878 1009; x_wconf 89' lang='lat'>400,</span> <span class='ocrx_word' id='word_1_93' title='bbox 906 969 950 1003; x_wconf 91' lang='lat'><strong>10</strong></span> <span class='ocrx_word' id='word_1_94' title='bbox 978 962 1021 1000; x_wconf 89' lang='lat' dir='ltr'><strong>in</strong></span> <span class='ocrx_word' id='word_1_95' title='bbox 1050 961 1099 1000; x_wconf 88' lang='lat' dir='ltr'><strong>fr.</strong></span> <span class='ocrx_word' id='word_1_96' title='bbox 1120 968 1142 1002; x_wconf 82' lang='lat'><strong>2</strong></span> <span class='ocrx_word' id='word_1_97' title='bbox 1162 967 1323 1001; x_wconf 87' lang='lat' dir='ltr'><strong>saturae</strong></span> <span class='ocrx_word' id='word_1_98' title='bbox 1348 965 1442 998; x_wconf 66' lang='grc' dir='ltr'><strong>Περι</strong></span> <span class='ocrx_word' id='word_1_99' title='bbox 1467 965 1664 1000; x_wconf 55' lang='lat' dir='ltr'><strong>Earum-nc.</strong></span> 
     </span>
     <span class='ocr_line' id='line_1_11' title="bbox 177 1031 1665 1086; baseline -0.002 -13"><span class='ocrx_word' id='word_1_100' title='bbox 177 1035 228 1073; x_wconf 92' lang='lat' dir='ltr'><strong>In</strong></span> <span class='ocrx_word' id='word_1_101' title='bbox 258 1034 402 1074; x_wconf 87' lang='lat' dir='ltr'><strong>eodem</strong></span> <span class='ocrx_word' id='word_1_102' title='bbox 430 1036 656 1086; x_wconf 85' lang='lat' dir='ltr'><strong>fragmento</strong></span> <span class='ocrx_word' id='word_1_103' title='bbox 694 1039 757 1073; x_wconf 86' lang='lat' dir='ltr'><strong>est</strong></span> <span class='ocrx_word' id='word_1_104' title='bbox 788 1032 899 1085; x_wconf 86' lang='lat' dir='ltr'><strong>quod</strong></span> <span class='ocrx_word' id='word_1_105' title='bbox 928 1034 971 1071; x_wconf 90' lang='lat' dir='ltr'><strong>in</strong></span> <span class='ocrx_word' id='word_1_106' title='bbox 998 1034 1060 1072; x_wconf 75' lang='lat' dir='ltr'><strong>his</strong></span> <span class='ocrx_word' id='word_1_107' title='bbox 1087 1032 1329 1085; x_wconf 81' lang='lat' dir='ltr'><strong>pronomine.</strong></span> <span class='ocrx_word' id='word_1_108' title='bbox 1352 1031 1545 1071; x_wconf 79' lang='lat' dir='ltr'><strong>haereas:</strong></span> <span class='ocrx_word' id='word_1_109' title='bbox 1593 1045 1665 1084; x_wconf 92' lang='lat' dir='ltr'><strong>pro</strong></span> 
     </span>
     <span class='ocr_line' id='line_1_12' title="bbox 179 1103 1664 1158; baseline -0.003 -14"><span class='ocrx_word' id='word_1_110' title='bbox 179 1119 258 1157; x_wconf 91' lang='lat' dir='ltr'><strong>quo</strong></span> <span class='ocrx_word' id='word_1_111' title='bbox 292 1106 426 1158; x_wconf 86' lang='lat' dir='ltr'><strong>quivis</strong></span> <span class='ocrx_word' id='word_1_112' title='bbox 455 1105 652 1157; x_wconf 88' lang='lat' dir='ltr'><strong>politioris</strong></span> <span class='ocrx_word' id='word_1_113' title='bbox 682 1104 898 1143; x_wconf 84' lang='lat' dir='ltr'><strong>latinitatis</strong></span> <span class='ocrx_word' id='word_1_114' title='bbox 925 1109 1066 1143; x_wconf 81' lang='lat' dir='ltr'><strong>auctor</strong></span> <span class='ocrx_word' id='word_1_115' title='bbox 1091 1106 1224 1142; x_wconf 80' lang='lat' dir='ltr'><strong>iisdem</strong></span> <span class='ocrx_word' id='word_1_116' title='bbox 1252 1105 1505 1142; x_wconf 79' lang='lat' dir='ltr'><strong>descobinatis</strong></span> <span class='ocrx_word' id='word_1_117' title='bbox 1540 1103 1664 1154; x_wconf 90' lang='lat' dir='ltr'><strong>scrip-</strong></span> 
     </span>
     <span class='ocr_line' id='line_1_13' title="bbox 177 1169 1668 1230; baseline -0.002 -16"><span class='ocrx_word' id='word_1_118' title='bbox 177 1182 290 1214; x_wconf 88' lang='lat' dir='ltr'><strong>turus</strong></span> <span class='ocrx_word' id='word_1_119' title='bbox 334 1175 470 1216; x_wconf 87' lang='lat' dir='ltr'><strong>fuerit.</strong></span> <span class='ocrx_word' id='word_1_120' title='bbox 544 1169 831 1214; x_wconf 76' lang='lat' dir='ltr'><strong>Descobinandi</strong></span> <span class='ocrx_word' id='word_1_121' title='bbox 873 1174 999 1215; x_wconf 85' lang='lat' dir='ltr'><strong>verbo</strong></span> <span class='ocrx_word' id='word_1_122' title='bbox 1039 1187 1136 1214; x_wconf 89' lang='lat' dir='ltr'><strong>usus</strong></span> <span class='ocrx_word' id='word_1_123' title='bbox 1183 1179 1247 1212; x_wconf 91' lang='lat' dir='ltr'><strong>est</strong></span> <span class='ocrx_word' id='word_1_124' title='bbox 1284 1174 1415 1212; x_wconf 87' lang='lat' dir='ltr'><strong>Varro</strong></span> <span class='ocrx_word' id='word_1_125' title='bbox 1452 1178 1668 1230; x_wconf 86' lang='lat' dir='ltr'><strong>praeterea</strong></span> 
     </span>
     <span class='ocr_line' id='line_1_14' title="bbox 178 1244 1665 1300; baseline -0.002 -15"><span class='ocrx_word' id='word_1_126' title='bbox 178 1248 219 1297; x_wconf 75' lang='lat' dir='ltr'><strong>in</strong></span> <span class='ocrx_word' id='word_1_127' title='bbox 248 1252 410 1286; x_wconf 72' lang='lat' dir='ltr'><strong>Dnvmns</strong></span> <span class='ocrx_word' id='word_1_128' title='bbox 438 1247 487 1285; x_wconf 89' lang='lat' dir='ltr'><strong>fr.</strong></span> <span class='ocrx_word' id='word_1_129' title='bbox 518 1253 554 1295; x_wconf 80' lang='lat'><strong>2,</strong></span> <span class='ocrx_word' id='word_1_130' title='bbox 584 1246 694 1300; x_wconf 89' lang='lat' dir='ltr'><strong>quod</strong></span> <span class='ocrx_word' id='word_1_131' title='bbox 722 1247 934 1297; x_wconf 86' lang='lat' dir='ltr'><strong>Roeperus</strong></span> <span class='ocrx_word' id='word_1_132' title='bbox 963 1245 1172 1284; x_wconf 89' lang='lat' dir='ltr'><strong>commode</strong></span> <span class='ocrx_word' id='word_1_133' title='bbox 1201 1245 1418 1284; x_wconf 86' lang='lat' dir='ltr'><strong>octonariis</strong></span> <span class='ocrx_word' id='word_1_134' title='bbox 1447 1244 1665 1283; x_wconf 86' lang='lat' dir='ltr'><strong>trochaicis</strong></span> 
     </span>
     <span class='ocr_line' id='line_1_15' title="bbox 178 1315 1169 1370; baseline -0.002 -14"><span class='ocrx_word' id='word_1_135' title='bbox 178 1316 414 1370; x_wconf 87' lang='lat' dir='ltr'><strong>descripsit:</strong></span> <span class='ocrx_word' id='word_1_136' title='bbox 703 1318 711 1322; x_wconf 73' lang='grc'><strong>’</strong></span> <span class='ocrx_word' id='word_1_137' title='bbox 1167 1315 1169 1317; x_wconf 77' lang='grc'><strong>’</strong></span> 
     </span>
    </p>
   </div>
   <div class='ocr_carea' id='block_1_3' title="bbox 291 1406 1610 1600">
    <p class='ocr_par' dir='ltr' id='par_1_3' title="bbox 291 1406 1610 1600">
     <span class='ocr_line' id='line_1_16' title="bbox 291 1406 1522 1459; baseline -0.002 -12"><span class='ocrx_word' id='word_1_138' title='bbox 291 1407 409 1447; x_wconf 73' lang='lat' dir='ltr'><strong>Dicat</strong></span> <span class='ocrx_word' id='word_1_139' title='bbox 432 1409 542 1458; x_wconf 74' lang='lat' dir='ltr'><strong>puyil</strong></span> <span class='ocrx_word' id='word_1_140' title='bbox 572 1411 626 1447; x_wconf 78' lang='lat' dir='ltr'><strong>is:</strong></span> <span class='ocrx_word' id='word_1_141' title='bbox 655 1408 893 1457; x_wconf 60' lang='lat' dir='ltr'><strong>spectatores</strong></span> <span class='ocrx_word' id='word_1_142' title='bbox 919 1407 991 1457; x_wconf 75' lang='lat' dir='ltr'><strong>qui</strong></span> <span class='ocrx_word' id='word_1_143' title='bbox 1015 1409 1192 1445; x_wconf 79' lang='lat' dir='ltr'><strong>miserum</strong></span> <span class='ocrx_word' id='word_1_144' title='bbox 1213 1406 1363 1455; x_wconf 72' lang='lat' dir='ltr'><strong>putdtis</strong></span> <span class='ocrx_word' id='word_1_145' title='bbox 1387 1409 1490 1446; x_wconf 79' lang='lat' dir='ltr'><strong>vinci</strong></span> <span class='ocrx_word' id='word_1_146' title='bbox 1520 1457 1522 1459; x_wconf 66' lang='lat'>‚</span> 
     </span>
     <span class='ocr_line' id='line_1_17' title="bbox 294 1478 1443 1527; baseline -0.003 -10"><span class='ocrx_word' id='word_1_147' title='bbox 294 1480 448 1525; x_wconf 82' lang='lat' dir='ltr'><strong>Quae&#39;ro</strong></span> <span class='ocrx_word' id='word_1_148' title='bbox 478 1493 502 1516; x_wconf 87' lang='grc' dir='ltr'><em>α</em></span> <span class='ocrx_word' id='word_1_149' title='bbox 529 1481 641 1524; x_wconf 83' lang='lat' dir='ltr'><strong>vobis,</strong></span> <span class='ocrx_word' id='word_1_150' title='bbox 671 1478 708 1516; x_wconf 80' lang='lat' dir='ltr'><strong>si</strong></span> <span class='ocrx_word' id='word_1_151' title='bbox 733 1481 942 1527; x_wconf 76' lang='lat' dir='ltr'><strong>supercilia</strong></span> <span class='ocrx_word' id='word_1_152' title='bbox 973 1478 1223 1517; x_wconf 70' lang='lat' dir='ltr'><strong>‹idversarizis</strong></span> <span class='ocrx_word' id='word_1_153' title='bbox 1251 1479 1305 1514; x_wconf 82' lang='lat' dir='ltr'><strong>mi</strong></span> <span class='ocrx_word' id='word_1_154' title='bbox 1330 1480 1443 1515; x_wconf 79' lang='lat' dir='ltr'><strong>cestis</strong></span> 
     </span>
     <span class='ocr_line' id='line_1_18' title="bbox 292 1544 1610 1600; baseline 0 -12"><span class='ocrx_word' id='word_1_155' title='bbox 292 1544 562 1588; x_wconf 71' lang='lat' dir='ltr'><strong>De&#39;scobindre&#39;t</strong></span> <span class='ocrx_word' id='word_1_156' title='bbox 589 1548 731 1600; x_wconf 80' lang='lat' dir='ltr'><strong>[mea],</strong></span> <span class='ocrx_word' id='word_1_157' title='bbox 762 1551 940 1598; x_wconf 79' lang='lat' dir='ltr'><strong>numquis</strong></span> <span class='ocrx_word' id='word_1_158' title='bbox 965 1544 1133 1587; x_wconf 68' lang='lat' dir='ltr'><strong>ve&#39;stru‘m</strong></span> <span class='ocrx_word' id='word_1_159' title='bbox 1163 1561 1236 1587; x_wconf 81' lang='lat' dir='ltr'><strong>sua</strong></span> <span class='ocrx_word' id='word_1_160' title='bbox 1265 1549 1394 1587; x_wconf 74' lang='lat' dir='ltr'><strong>mihist</strong></span> <span class='ocrx_word' id='word_1_161' title='bbox 1419 1551 1610 1588; x_wconf 74' lang='lat' dir='ltr'><strong>daturus?</strong></span> 
     </span>
    </p>
   </div>
   <div class='ocr_carea' id='block_1_4' title="bbox 171 1650 1668 2411">
    <p class='ocr_par' dir='ltr' id='par_1_4' title="bbox 171 1650 1668 2411">
     <span class='ocr_line' id='line_1_19' title="bbox 178 1650 1664 1704; baseline 0.001 -14"><span class='ocrx_word' id='word_1_162' title='bbox 178 1652 256 1690; x_wconf 85' lang='lat' dir='ltr'><strong>nisi</strong></span> <span class='ocrx_word' id='word_1_163' title='bbox 283 1651 392 1704; x_wconf 91' lang='lat' dir='ltr'><strong>quod</strong></span> <span class='ocrx_word' id='word_1_164' title='bbox 417 1652 458 1690; x_wconf 91' lang='lat' dir='ltr'><strong>in</strong></span> <span class='ocrx_word' id='word_1_165' title='bbox 486 1651 606 1703; x_wconf 88' lang='lat' dir='ltr'><strong>tertio</strong></span> <span class='ocrx_word' id='word_1_166' title='bbox 634 1664 757 1690; x_wconf 89' lang='lat' dir='ltr'><strong>versu</strong></span> <span class='ocrx_word' id='word_1_167' title='bbox 783 1652 987 1690; x_wconf 82' lang='lat' dir='ltr'><strong>insertum·</strong></span> <span class='ocrx_word' id='word_1_168' title='bbox 1006 1663 1091 1690; x_wconf 81' lang='lat' dir='ltr'><strong>mea</strong></span> <span class='ocrx_word' id='word_1_169' title='bbox 1111 1650 1319 1703; x_wconf 90' lang='lat' dir='ltr'><strong>displicet:</strong></span> <span class='ocrx_word' id='word_1_170' title='bbox 1353 1650 1558 1690; x_wconf 82' lang='lat' dir='ltr'><strong>defectum</strong></span> <span class='ocrx_word' id='word_1_171' title='bbox 1581 1666 1664 1691; x_wconf 90' lang='lat' dir='ltr'><strong>ma-</strong></span> 
     </span>
     <span class='ocr_line' id='line_1_20' title="bbox 178 1721 1663 1774; baseline 0.001 -14"><span class='ocrx_word' id='word_1_172' title='bbox 178 1723 248 1761; x_wconf 91' lang='lat' dir='ltr'><strong>lim</strong></span> <span class='ocrx_word' id='word_1_173' title='bbox 288 1723 417 1761; x_wconf 87' lang='lat' dir='ltr'><strong>ascita</strong></span> <span class='ocrx_word' id='word_1_174' title='bbox 453 1724 631 1770; x_wconf 76' lang='lat' dir='ltr'><strong>numquis</strong></span> <span class='ocrx_word' id='word_1_175' title='bbox 659 1734 748 1759; x_wconf 86' lang='lat' dir='ltr'><strong>nam</strong></span> <span class='ocrx_word' id='word_1_176' title='bbox 775 1721 905 1760; x_wconf 85' lang='lat' dir='ltr'><strong>forma</strong></span> <span class='ocrx_word' id='word_1_177' title='bbox 934 1735 1147 1774; x_wconf 85' lang='lat' dir='ltr'><strong>reparare:</strong></span> <span class='ocrx_word' id='word_1_178' title='bbox 1187 1728 1232 1760; x_wconf 90' lang='lat' dir='ltr'><strong>ut</strong></span> <span class='ocrx_word' id='word_1_179' title='bbox 1258 1722 1478 1761; x_wconf 85' lang='lat' dir='ltr'><strong>Terentius</strong></span> <span class='ocrx_word' id='word_1_180' title='bbox 1507 1723 1550 1760; x_wconf 92' lang='lat' dir='ltr'><strong>in</strong></span> <span class='ocrx_word' id='word_1_181' title='bbox 1579 1722 1663 1761; x_wconf 92' lang='lat' dir='ltr'><strong>An-</strong></span> 
     </span>
     <span class='ocr_line' id='line_1_21' title="bbox 180 1790 1668 1843; baseline 0.001 -12"><span class='ocrx_word' id='word_1_182' title='bbox 180 1793 268 1831; x_wconf 87' lang='lat' dir='ltr'><strong>dria</strong></span> <span class='ocrx_word' id='word_1_183' title='bbox 297 1798 365 1834; x_wconf 78' lang='lat'><strong>325</strong></span> <span class='ocrx_word' id='word_1_184' title='bbox 401 1791 471 1843; x_wconf 82' lang='grc' dir='ltr'><strong>(Π</strong></span> <span class='ocrx_word' id='word_1_185' title='bbox 500 1799 539 1839; x_wconf 91' lang='lat' dir='ltr'><strong>l,</strong></span> <span class='ocrx_word' id='word_1_186' title='bbox 570 1790 632 1843; x_wconf 82' lang='lat'><strong>25)</strong></span> <span class='ocrx_word' id='word_1_187' title='bbox 666 1793 737 1830; x_wconf 69' lang='lat' dir='ltr'><strong>ello</strong></span> <span class='ocrx_word' id='word_1_188' title='bbox 777 1794 866 1831; x_wconf 84' lang='lat' dir='ltr'><strong>dum</strong></span> <span class='ocrx_word' id='word_1_189' title='bbox 899 1794 962 1831; x_wconf 82' lang='lat' dir='ltr'><strong>dic</strong></span> <span class='ocrx_word' id='word_1_190' title='bbox 996 1794 1109 1830; x_wconf 76' lang='lat' dir='ltr'><strong>mihi.-</strong></span> <span class='ocrx_word' id='word_1_191' title='bbox 1152 1794 1348 1841; x_wconf 66' lang='lat' dir='ltr'><strong>Numquid</strong></span> <span class='ocrx_word' id='word_1_192' title='bbox 1386 1806 1476 1843; x_wconf 77' lang='lat' dir='ltr'><strong>nam</strong></span> <span class='ocrx_word' id='word_1_193' title='bbox 1501 1796 1668 1842; x_wconf 59' lang='lat' dir='ltr'><strong>amplias</strong></span> 
     </span>
     <span class='ocr_line' id='line_1_22' title="bbox 177 1851 1668 1916; baseline 0.001 -14"><span class='ocrx_word' id='word_1_194' title='bbox 177 1851 251 1902; x_wconf 53' lang='lat' dir='ltr'><strong>tibi&#39;</strong></span> <span class='ocrx_word' id='word_1_195' title='bbox 269 1877 356 1902; x_wconf 86' lang='lat' dir='ltr'><strong>cum</strong></span> <span class='ocrx_word' id='word_1_196' title='bbox 385 1865 451 1901; x_wconf 84' lang='lat' dir='ltr'><strong>illa</strong></span> <span class='ocrx_word' id='word_1_197' title='bbox 477 1862 581 1912; x_wconf 78' lang='lat' dir='ltr'><strong>fuit?</strong></span> <span class='ocrx_word' id='word_1_198' title='bbox 638 1862 784 1901; x_wconf 76' lang='lat' dir='ltr'><strong>Restat</strong></span> <span class='ocrx_word' id='word_1_199' title='bbox 813 1870 1019 1916; x_wconf 88' lang='lat' dir='ltr'><strong>postrema</strong></span> <span class='ocrx_word' id='word_1_200' title='bbox 1055 1877 1136 1902; x_wconf 87' lang='lat' dir='ltr'><strong>vox</strong></span> <span class='ocrx_word' id='word_1_201' title='bbox 1166 1863 1216 1901; x_wconf 88' lang='lat' dir='ltr'><strong>fr.</strong></span> <span class='ocrx_word' id='word_1_202' title='bbox 1247 1863 1314 1901; x_wconf 91' lang='grc' dir='ltr'><strong>ΠΙ</strong></span> <span class='ocrx_word' id='word_1_203' title='bbox 1341 1876 1504 1911; x_wconf 80' lang='lat' dir='ltr'><strong>curare,</strong></span> <span class='ocrx_word' id='word_1_204' title='bbox 1532 1870 1578 1903; x_wconf 90' lang='lat' dir='ltr'><strong>ut</strong></span> <span class='ocrx_word' id='word_1_205' title='bbox 1605 1870 1668 1904; x_wconf 85' lang='lat' dir='ltr'><strong>est</strong></span> 
     </span>
     <span class='ocr_line' id='line_1_23' title="bbox 177 1932 1667 1984; baseline 0.001 -12"><span class='ocrx_word' id='word_1_206' title='bbox 177 1935 219 1972; x_wconf 91' lang='lat' dir='ltr'><strong>in</strong></span> <span class='ocrx_word' id='word_1_207' title='bbox 241 1933 369 1972; x_wconf 89' lang='lat' dir='ltr'><strong>libris.</strong></span> <span class='ocrx_word' id='word_1_208' title='bbox 420 1933 581 1972; x_wconf 72' lang='lat' dir='ltr'><strong>‘Recte&#39;</strong></span> <span class='ocrx_word' id='word_1_209' title='bbox 613 1932 711 1972; x_wconf 88' lang='lat' dir='ltr'><strong>dicit</strong></span> <span class='ocrx_word' id='word_1_210' title='bbox 730 1933 952 1983; x_wconf 87' lang='lat' dir='ltr'><strong>Oehlerus:</strong></span> <span class='ocrx_word' id='word_1_211' title='bbox 980 1935 1060 1974; x_wconf 78' lang='lat' dir='ltr'><strong>‘est</strong></span> <span class='ocrx_word' id='word_1_212' title='bbox 1086 1941 1266 1973; x_wconf 89' lang='lat' dir='ltr'><strong>nostrum</strong></span> <span class='ocrx_word' id='word_1_213' title='bbox 1290 1936 1470 1984; x_wconf 80' lang='lat' dir='ltr'><strong>schaffen</strong></span> <span class='ocrx_word' id='word_1_214' title='bbox 1496 1935 1565 1974; x_wconf 83' lang='lat' dir='ltr'><strong>vel</strong></span> <span class='ocrx_word' id='word_1_215' title='bbox 1584 1938 1667 1974; x_wconf 79' lang='lat' dir='ltr'><strong>sich</strong></span> 
     </span>
     <span class='ocr_line' id='line_1_24' title="bbox 176 2005 1666 2064; baseline 0.002 -22"><span class='ocrx_word' id='word_1_216' title='bbox 176 2018 225 2043; x_wconf 82' lang='lat' dir='ltr'><strong>zu</strong></span> <span class='ocrx_word' id='word_1_217' title='bbox 254 2006 431 2053; x_wconf 80' lang='lat' dir='ltr'><strong>schaffen</strong></span> <span class='ocrx_word' id='word_1_218' title='bbox 461 2005 652 2042; x_wconf 62' lang='lat' dir='ltr'><strong>macheu?</strong></span> <span class='ocrx_word' id='word_1_219' title='bbox 710 2005 829 2044; x_wconf 89' lang='lat' dir='ltr'><strong>Haec</strong></span> <span class='ocrx_word' id='word_1_220' title='bbox 863 2005 935 2045; x_wconf 90' lang='lat' dir='ltr'><strong>ille</strong></span> <span class='ocrx_word' id='word_1_221' title='bbox 970 2020 1022 2045; x_wconf 91' lang='lat' dir='ltr'><strong>ne</strong></span> <span class='ocrx_word' id='word_1_222' title='bbox 1055 2005 1227 2064; x_wconf 80' lang='lat' dir='ltr'><strong>testibus</strong></span> <span class='ocrx_word' id='word_1_223' title='bbox 1266 2006 1429 2059; x_wconf 84' lang='lat' dir='ltr'><strong>quidem</strong></span> <span class='ocrx_word' id='word_1_224' title='bbox 1459 2007 1520 2045; x_wconf 92' lang='lat' dir='ltr'><strong>sui</strong></span> <span class='ocrx_word' id='word_1_225' title='bbox 1548 2020 1666 2059; x_wconf 89' lang='lat' dir='ltr'><strong>prae—</strong></span> 
     </span>
     <span class='ocr_line' id='line_1_25' title="bbox 179 2076 1667 2129; baseline 0.001 -15"><span class='ocrx_word' id='word_1_226' title='bbox 179 2076 287 2128; x_wconf 87' lang='lat' dir='ltr'><strong>cepti</strong></span> <span class='ocrx_word' id='word_1_227' title='bbox 308 2076 632 2127; x_wconf 83' lang='lat' dir='ltr'><strong>circumspectis:</strong></span> <span class='ocrx_word' id='word_1_228' title='bbox 656 2089 756 2129; x_wconf 83' lang='lat' dir='ltr'><strong>quos</strong></span> <span class='ocrx_word' id='word_1_229' title='bbox 777 2089 853 2127; x_wconf 89' lang='lat' dir='ltr'><strong>ego</strong></span> <span class='ocrx_word' id='word_1_230' title='bbox 874 2076 1008 2115; x_wconf 90' lang='lat' dir='ltr'><strong>nullos</strong></span> <span class='ocrx_word' id='word_1_231' title='bbox 1031 2077 1214 2116; x_wconf 86' lang='lat' dir='ltr'><strong>invenio:</strong></span> <span class='ocrx_word' id='word_1_232' title='bbox 1245 2078 1342 2129; x_wconf 88' lang='lat' dir='ltr'><strong>quin</strong></span> <span class='ocrx_word' id='word_1_233' title='bbox 1366 2091 1418 2116; x_wconf 90' lang='lat' dir='ltr'><strong>ne</strong></span> <span class='ocrx_word' id='word_1_234' title='bbox 1439 2079 1667 2117; x_wconf 88' lang='lat' dir='ltr'><strong>sententiae</strong></span> 
     </span>
     <span class='ocr_line' id='line_1_26' title="bbox 177 2145 1667 2199; baseline 0.002 -14"><span class='ocrx_word' id='word_1_235' title='bbox 177 2145 340 2199; x_wconf 89' lang='lat' dir='ltr'><strong>quidem</strong></span> <span class='ocrx_word' id='word_1_236' title='bbox 375 2146 592 2185; x_wconf 87' lang='lat' dir='ltr'><strong>convenire</strong></span> <span class='ocrx_word' id='word_1_237' title='bbox 621 2151 703 2191; x_wconf 77' lang='lat' dir='ltr'><strong>tam</strong></span> <span class='ocrx_word' id='word_1_238' title='bbox 732 2160 875 2198; x_wconf 89' lang='lat' dir='ltr'><strong>parum</strong></span> <span class='ocrx_word' id='word_1_239' title='bbox 897 2147 1089 2187; x_wconf 87' lang='lat' dir='ltr'><strong>definitae</strong></span> <span class='ocrx_word' id='word_1_240' title='bbox 1110 2149 1285 2187; x_wconf 85' lang='lat' dir='ltr'><strong>notionis</strong></span> <span class='ocrx_word' id='word_1_241' title='bbox 1305 2161 1448 2188; x_wconf 87' lang='lat' dir='ltr'><strong>vocem</strong></span> <span class='ocrx_word' id='word_1_242' title='bbox 1471 2148 1667 2188; x_wconf 77' lang='lat' dir='ltr'><strong>concedo,</strong></span> 
     </span>
     <span class='ocr_line' id='line_1_27' title="bbox 171 2208 1666 2271; baseline 0.001 -16"><span class='ocrx_word' id='word_1_243' title='bbox 171 2217 317 2269; x_wconf 72' lang='lat' dir='ltr'><strong>Quare</strong></span> <span class='ocrx_word' id='word_1_244' title='bbox 345 2216 583 2270; x_wconf 88' lang='lat' dir='ltr'><strong>prudentius</strong></span> <span class='ocrx_word' id='word_1_245' title='bbox 608 2208 771 2265; x_wconf 83' lang='lat' dir='ltr'><strong>Iunius,</strong></span> <span class='ocrx_word' id='word_1_246' title='bbox 801 2217 925 2269; x_wconf 37' lang='lat' dir='ltr'><strong>quod,</strong></span> <span class='ocrx_word' id='word_1_247' title='bbox 944 2219 1063 2257; x_wconf 85' lang='lat' dir='ltr'><strong>unice</strong></span> <span class='ocrx_word' id='word_1_248' title='bbox 1091 2232 1213 2258; x_wconf 89' lang='lat' dir='ltr'><strong>sensu</strong></span> <span class='ocrx_word' id='word_1_249' title='bbox 1238 2213 1445 2271; x_wconf 86' lang='lat' dir='ltr'><strong>scriptoris</strong></span> <span class='ocrx_word' id='word_1_250' title='bbox 1471 2219 1666 2271; x_wconf 90' lang='lat' dir='ltr'><strong>poscitur,</strong></span> 
     </span>
     <span class='ocr_line' id='line_1_28' title="bbox 178 2288 1666 2340; baseline 0.001 -14"><span class='ocrx_word' id='word_1_251' title='bbox 178 2289 357 2326; x_wconf 84' lang='lat' dir='ltr'><strong>restituit</strong></span> <span class='ocrx_word' id='word_1_252' title='bbox 391 2299 574 2334; x_wconf 81' lang='lat' dir='ltr'><strong>currere,</strong></span> <span class='ocrx_word' id='word_1_253' title='bbox 616 2288 728 2326; x_wconf 88' lang='lat' dir='ltr'><strong>cuius</strong></span> <span class='ocrx_word' id='word_1_254' title='bbox 764 2301 839 2338; x_wconf 83' lang='lat' dir='ltr'><strong>ego</strong></span> <span class='ocrx_word' id='word_1_255' title='bbox 871 2289 1195 2327; x_wconf 87' lang='lat' dir='ltr'><strong>emendationem</strong></span> <span class='ocrx_word' id='word_1_256' title='bbox 1225 2289 1281 2327; x_wconf 89' lang='lat' dir='ltr'><strong>ita</strong></span> <span class='ocrx_word' id='word_1_257' title='bbox 1307 2289 1474 2340; x_wconf 86' lang='lat' dir='ltr'><strong>perficio</strong></span> <span class='ocrx_word' id='word_1_258' title='bbox 1504 2295 1549 2327; x_wconf 90' lang='lat' dir='ltr'><strong>ut</strong></span> <span class='ocrx_word' id='word_1_259' title='bbox 1577 2303 1666 2328; x_wconf 86' lang='lat' dir='ltr'><strong>cur-</strong></span> 
     </span>
     <span class='ocr_line' id='line_1_29' title="bbox 177 2358 1665 2411; baseline 0.001 -15"><span class='ocrx_word' id='word_1_260' title='bbox 177 2371 268 2397; x_wconf 83' lang='lat' dir='ltr'><strong>sare</strong></span> <span class='ocrx_word' id='word_1_261' title='bbox 303 2371 496 2410; x_wconf 84' lang='lat' dir='ltr'><strong>reponam</strong></span> <span class='ocrx_word' id='word_1_262' title='bbox 533 2372 606 2410; x_wconf 92' lang='lat' dir='ltr'><strong>pro</strong></span> <span class='ocrx_word' id='word_1_263' title='bbox 651 2370 816 2404; x_wconf 81' lang='lat' dir='ltr'><strong>curare,</strong></span> <span class='ocrx_word' id='word_1_264' title='bbox 854 2358 1193 2411; x_wconf 87' lang='lat' dir='ltr'><strong>quemadmodum</strong></span> <span class='ocrx_word' id='word_1_265' title='bbox 1228 2359 1401 2407; x_wconf 87' lang='lat' dir='ltr'><strong>eandem</strong></span> <span class='ocrx_word' id='word_1_266' title='bbox 1438 2372 1582 2398; x_wconf 88' lang='lat' dir='ltr'><strong>vocem</strong></span> <span class='ocrx_word' id='word_1_267' title='bbox 1616 2361 1665 2398; x_wconf 90' lang='lat' dir='ltr'><strong>F.</strong></span> 
     </span>
    </p>
   </div>
   <div class='ocr_carea' id='block_1_5' title="bbox 179 2422 1739 2480">
    <p class='ocr_par' dir='ltr' id='par_1_5' title="bbox 179 2422 1739 2480">
     <span class='ocr_line' id='line_1_30' title="bbox 179 2422 1739 2480; baseline 0 -11"><span class='ocrx_word' id='word_1_268' title='bbox 179 2431 378 2477; x_wconf 87' lang='lat' dir='ltr'><strong>Haasius,</strong></span> <span class='ocrx_word' id='word_1_269' title='bbox 418 2428 663 2468; x_wconf 86' lang='lat' dir='ltr'><strong>clarissimus</strong></span> <span class='ocrx_word' id='word_1_270' title='bbox 694 2429 866 2480; x_wconf 87' lang='lat' dir='ltr'><strong>collega,</strong></span> <span class='ocrx_word' id='word_1_271' title='bbox 896 2430 1070 2470; x_wconf 86' lang='lat' dir='ltr'><strong>correxit</strong></span> <span class='ocrx_word' id='word_1_272' title='bbox 1099 2432 1140 2470; x_wconf 92' lang='lat' dir='ltr'><strong>in</strong></span> <span class='ocrx_word' id='word_1_273' title='bbox 1170 2431 1305 2470; x_wconf 87' lang='lat' dir='ltr'><strong>Taciti</strong></span> <span class='ocrx_word' id='word_1_274' title='bbox 1334 2430 1592 2469; x_wconf 89' lang='lat' dir='ltr'><strong>historiarum</strong></span> <span class='ocrx_word' id='word_1_275' title='bbox 1618 2431 1662 2469; x_wconf 92' lang='lat' dir='ltr'><strong>li·</strong></span> <span class='ocrx_word' id='word_1_276' title='bbox 1687 2422 1690 2425; x_wconf 18' lang='grc' dir='ltr'><strong>Δ</strong></span> <span class='ocrx_word' id='word_1_277' title='bbox 1736 2423 1739 2427; x_wconf 53' lang='grc'><strong>”</strong></span> 
     </span>
    </p>
   </div>
   <div class='ocr_carea' id='block_1_6' title="bbox 178 2500 1666 2908">
    <p class='ocr_par' dir='ltr' id='par_1_6' title="bbox 178 2500 1665 2622">
     <span class='ocr_line' id='line_1_31' title="bbox 178 2500 1665 2550; baseline 0.001 -12"><span class='ocrx_word' id='word_1_278' title='bbox 178 2500 250 2538; x_wconf 92' lang='lat' dir='ltr'><strong>bro</strong></span> <span class='ocrx_word' id='word_1_279' title='bbox 277 2500 343 2537; x_wconf 95' lang='lat' dir='ltr'><strong>III</strong></span> <span class='ocrx_word' id='word_1_280' title='bbox 363 2506 428 2540; x_wconf 86' lang='lat'><strong>15:</strong></span> <span class='ocrx_word' id='word_1_281' title='bbox 460 2501 744 2548; x_wconf 76' lang='lat' dir='ltr'><strong>eoeploratores‚</strong></span> <span class='ocrx_word' id='word_1_282' title='bbox 774 2506 816 2539; x_wconf 80' lang='lat' dir='ltr'><strong>ut</strong></span> <span class='ocrx_word' id='word_1_283' title='bbox 843 2514 924 2540; x_wconf 80' lang='lat' dir='ltr'><strong>mos</strong></span> <span class='ocrx_word' id='word_1_284' title='bbox 951 2507 1019 2549; x_wconf 78' lang='lat' dir='ltr'><strong>est,</strong></span> <span class='ocrx_word' id='word_1_285' title='bbox 1049 2502 1198 2550; x_wconf 75' lang='lat' dir='ltr'><strong>lonyius</strong></span> <span class='ocrx_word' id='word_1_286' title='bbox 1227 2505 1458 2541; x_wconf 81' lang='lat' dir='ltr'><strong>cursabant:</strong></span> <span class='ocrx_word' id='word_1_287' title='bbox 1483 2501 1552 2540; x_wconf 93' lang='lat' dir='ltr'><strong>ubi</strong></span> <span class='ocrx_word' id='word_1_288' title='bbox 1579 2502 1665 2540; x_wconf 85' lang='lat' dir='ltr'><strong>vul-</strong></span> 
     </span>
     <span class='ocr_line' id='line_1_32' title="bbox 179 2566 966 2622; baseline -0.004 -12"><span class='ocrx_word' id='word_1_289' title='bbox 179 2571 351 2622; x_wconf 88' lang='lat' dir='ltr'><strong>gabatur</strong></span> <span class='ocrx_word' id='word_1_290' title='bbox 381 2572 582 2609; x_wconf 83' lang='lat' dir='ltr'><strong>curabant.</strong></span> <span class='ocrx_word' id='word_1_291' title='bbox 963 2566 966 2569; x_wconf 68' lang='grc'>’</span> 
     </span>
    </p>

    <p class='ocr_par' dir='ltr' id='par_1_7' title="bbox 179 2642 1666 2908">
     <span class='ocr_line' id='line_1_33' title="bbox 293 2642 1666 2696; baseline 0.001 -16"><span class='ocrx_word' id='word_1_292' title='bbox 293 2642 541 2692; x_wconf 85' lang='lat' dir='ltr'><strong>Fragmenta</strong></span> <span class='ocrx_word' id='word_1_293' title='bbox 576 2646 717 2682; x_wconf 85' lang='lat'>6—10</span> <span class='ocrx_word' id='word_1_294' title='bbox 753 2655 860 2695; x_wconf 87' lang='lat' dir='ltr'><strong>quae</strong></span> <span class='ocrx_word' id='word_1_295' title='bbox 896 2649 990 2682; x_wconf 90' lang='lat' dir='ltr'><strong>sunt</strong></span> <span class='ocrx_word' id='word_1_296' title='bbox 1026 2643 1136 2695; x_wconf 87' lang='lat' dir='ltr'><strong>apud</strong></span> <span class='ocrx_word' id='word_1_297' title='bbox 1166 2642 1388 2683; x_wconf 89' lang='lat' dir='ltr'><strong>Oehlerum</strong></span> <span class='ocrx_word' id='word_1_298' title='bbox 1418 2643 1564 2696; x_wconf 89' lang='lat' dir='ltr'><strong>cupido</strong></span> <span class='ocrx_word' id='word_1_299' title='bbox 1596 2657 1666 2682; x_wconf 85' lang='lat' dir='ltr'><strong>ve-</strong></span> 
     </span>
     <span class='ocr_line' id='line_1_34' title="bbox 179 2711 1666 2766; baseline -0.001 -14"><span class='ocrx_word' id='word_1_300' title='bbox 179 2714 386 2752; x_wconf 86' lang='lat' dir='ltr'><strong>nationum</strong></span> <span class='ocrx_word' id='word_1_301' title='bbox 413 2711 614 2751; x_wconf 90' lang='lat' dir='ltr'><strong>laudatori</strong></span> <span class='ocrx_word' id='word_1_302' title='bbox 641 2711 837 2751; x_wconf 86' lang='lat' dir='ltr'><strong>attribuo:</strong></span> <span class='ocrx_word' id='word_1_303' title='bbox 883 2712 934 2752; x_wconf 86' lang='lat' dir='ltr'><strong>de</strong></span> <span class='ocrx_word' id='word_1_304' title='bbox 965 2727 1134 2766; x_wconf 91' lang='lat' dir='ltr'><strong>quorum</strong></span> <span class='ocrx_word' id='word_1_305' title='bbox 1161 2713 1303 2752; x_wconf 87' lang='lat' dir='ltr'><strong>ordine</strong></span> <span class='ocrx_word' id='word_1_306' title='bbox 1329 2713 1430 2752; x_wconf 91' lang='lat' dir='ltr'><strong>nihil</strong></span> <span class='ocrx_word' id='word_1_307' title='bbox 1462 2712 1666 2752; x_wconf 88' lang='lat' dir='ltr'><strong>confiden-</strong></span> 
     </span>
     <span class='ocr_line' id='line_1_35' title="bbox 179 2782 1666 2835; baseline -0.001 -12"><span class='ocrx_word' id='word_1_308' title='bbox 179 2787 257 2824; x_wconf 87' lang='lat' dir='ltr'><strong>tius</strong></span> <span class='ocrx_word' id='word_1_309' title='bbox 291 2784 469 2831; x_wconf 83' lang='lat' dir='ltr'><strong>affirmo,</strong></span> <span class='ocrx_word' id='word_1_310' title='bbox 509 2782 582 2822; x_wconf 88' lang='lat' dir='ltr'><strong>sed</strong></span> <span class='ocrx_word' id='word_1_311' title='bbox 614 2782 944 2835; x_wconf 88' lang='lat' dir='ltr'><strong>probabilitatem</strong></span> <span class='ocrx_word' id='word_1_312' title='bbox 983 2791 1146 2825; x_wconf 85' lang='lat' dir='ltr'><strong>secutus</strong></span> <span class='ocrx_word' id='word_1_313' title='bbox 1185 2799 1366 2824; x_wconf 87' lang='lat' dir='ltr'><strong>seorsum</strong></span> <span class='ocrx_word' id='word_1_314' title='bbox 1403 2785 1454 2823; x_wconf 91' lang='lat' dir='ltr'><strong>ab</strong></span> <span class='ocrx_word' id='word_1_315' title='bbox 1486 2784 1666 2824; x_wconf 92' lang='lat' dir='ltr'><strong>Oehlero</strong></span> 
     </span>
     <span class='ocr_line' id='line_1_36' title="bbox 179 2855 523 2908; baseline 0.006 -14"><span class='ocrx_word' id='word_1_316' title='bbox 179 2857 236 2894; x_wconf 87' lang='lat' dir='ltr'><strong>ita</strong></span> <span class='ocrx_word' id='word_1_317' title='bbox 265 2855 455 2908; x_wconf 76' lang='lat' dir='ltr'><strong>dispono:</strong></span> <span class='ocrx_word' id='word_1_318' title='bbox 519 2893 523 2896; x_wconf 86' lang='lat'>.</span> 
     </span>
    </p>
   </div>
   <div class='ocr_carea' id='block_1_7' title="bbox 292 2945 1636 2998">
    <p class='ocr_par' dir='ltr' id='par_1_8' title="bbox 292 2945 1636 2998">
     <span class='ocr_line' id='line_1_37' title="bbox 292 2945 1636 2998; baseline -0.001 -13"><span class='ocrx_word' id='word_1_319' title='bbox 292 2947 354 2985; x_wconf 93' lang='lat' dir='ltr'><strong>IV</strong></span> <span class='ocrx_word' id='word_1_320' title='bbox 381 2945 440 2998; x_wconf 83' lang='lat'><strong>(6)</strong></span> <span class='ocrx_word' id='word_1_321' title='bbox 474 2947 517 2984; x_wconf 84' lang='lat' dir='ltr'><strong>Si</strong></span> <span class='ocrx_word' id='word_1_322' title='bbox 545 2959 621 2985; x_wconf 86' lang='lat' dir='ltr'><strong>non</strong></span> <span class='ocrx_word' id='word_1_323' title='bbox 647 2948 753 2984; x_wconf 80' lang='lat' dir='ltr'><strong>malit</strong></span> <span class='ocrx_word' id='word_1_324' title='bbox 779 2950 838 2985; x_wconf 84' lang='lat' dir='ltr'><strong>vir</strong></span> <span class='ocrx_word' id='word_1_325' title='bbox 868 2949 1014 2985; x_wconf 75' lang='lat' dir='ltr'><strong>viratus</strong></span> <span class='ocrx_word' id='word_1_326' title='bbox 1041 2959 1204 2986; x_wconf 75' lang='lat' dir='ltr'><strong>uxorem</strong></span> <span class='ocrx_word' id='word_1_327' title='bbox 1234 2949 1375 2985; x_wconf 81' lang='lat' dir='ltr'><strong>habere</strong></span> <span class='ocrx_word' id='word_1_328' title='bbox 1403 2948 1636 2984; x_wconf 75' lang='lat' dir='ltr'><strong>Atalantam.</strong></span> 
     </span>
    </p>
   </div>
  </div>
 </body>
</html>
