1898 3236
740 247 1083 287 comnc'rANnA.
1310 300 1312 303 v
1603 245 1657 285 43

174 357 267 406 Hoc
293 377 401 404 nexu
429 377 473 402 se
503 363 598 402 olim
626 361 729 401 haec
762 361 991 413 fragmenta
1017 360 1232 413 excepisse
1261 360 1352 413 ipsa
1382 359 1442 398 rei
1473 358 1659 398 condicio

176 437 402 476 convincit:
434 447 510 474 nec
537 432 639 472 illud
670 431 854 480 dubium,
885 432 983 484 quin
1010 431 1198 481 Scaliger
1219 434 1333 469 reete
1359 431 1401 484 in
1423 430 1474 469 iis
1500 429 1660 483 pueruli

134 509 139 513 '
176 507 341 546 formosi
382 505 658 546 laudationem
691 503 927 565 agnoverit:
971 502 1014 541 in
1043 496 1124 556 qua
1151 502 1284 542 Varro
1321 501 1660 541 deminutivorum

174 592 250 618 usu
286 577 562 631 frequentiore
597 576 716 614 istam
752 587 943 627 enervem
971 572 1216 629 καλλιλεξίαν
1250 573 1414 625 egregie
1444 572 1659 625 expressit.

176 648 435 688 Desideratur
459 646 790 687 landatiunculae
813 645 971 684 initium
982 674 1000 692 ,γ
1021 657 1099 683 nec
1122 644 1280 695 integer
1310 648 1372 682 est
1396 644 1486 696 ipse
1508 643 1660 696 primus

175 719 418 767 versiculus,
447 719 490 758 in
516 731 596 771 quo
622 720 720 757 nodo
748 716 911 769 scripsit
931 714 1116 766 Scaliger
1142 729 1215 768 pro
1244 728 1313 763 eo,
1345 713 1453 767 quod
1472 708 1659 760 traditur,

110 826 142 841 .,
174 794 292 830 modo.
349 791 552 839 Neutrum
587 788 686 827 satis
721 784 886 840 placet:
934 800 983 826 ac
1017 787 1158 826 nescio
1197 800 1249 826 an
1285 791 1327 825 et
1355 785 1583 825 sententiae
1620 789 1663 823 et

171 863 309 903 versui
336 861 415 901 hac
446 860 696 900 correctione
726 859 897 898 satisfiat
925 860 1162 897 commode:·
1695 839 1699 843 ⁴

231 966 235 967 ν
347 926 351 929 ’
444 942 542 980 Ante
567 940 677 978 auris
705 940 894 978 commode
923 939 977 977 εῖτ
1005 940 1197 978 subolibus
1222 937 1401 988 pa'rvuli:

176 1013 518 1075 quemadmodum·
538 1019 710 1059 Plautus
740 1017 848 1071 apud
879 1017 1057 1058 Gellium
1086 1018 1237 1057 XVIII
1267 1023 1325 1065 12,
1354 1023 1378 1058 3
1407 1015 1525 1055 dicit:
1564 1015 1665 1063 Quid

171 1099 229 1132 cst
256 1095 355 1131 hoc?
379 1096 496 1142 rugat
516 1092 701 1139 pallium.-
729 1093 891 1129 amictus
921 1103 996 1128 non
1021 1101 1105 1127 sum
1131 1090 1333 1127 commode.
1395 1085 1461 1126 Of.
1488 1085 1660 1125 Plautus

172 1164 427 1204 Mostellaria
446 1167 534 1204 254:
567 1164 648 1201 vide
672 1164 866 1210 capillum,
896 1164 998 1199 satin
1021 1163 1267 1209 compositust
1288 1161 1505 1203 commode?
1528 1158 1663 1197 Versu

173 1233 352 1275 secundo
391 1239 503 1274 recte
536 1231 659 1272 scribi
697 1247 723 1271 a
752 1232 962 1283 Scaligero
991 1225 1240 1271 demittuntur
1267 1230 1474 1284 praesenti
1493 1235 1576 1282 'pro
1606 1230 1662 1266 di-

172 1292 428 1350 mittebantur.
458 1303 567 1358 quod
593 1309 656 1343 est
684 1303 793 1356 apud
812 1303 1003 1351 Nonium,
1035 1308 1077 1341 et
1105 1302 1396 1342 sententiarum
1419 1300 1661 1340 continuitas

173 1383 214 1416 et
241 1377 478 1416 necessitas
495 1376 612 1415 metri
640 1371 902 1428 persuadent.
929 1367 1074 1414 'Cuius
1103 1369 1410 1427 permutationis
1438 1378 1663 1423 temporum

171 1449 213 1489 in
250 1453 438 1502 promptu
489 1453 551 1486 est
593 1460 717 1489 unum
756 1450 971 1499 praeterea
1010 1459 1062 1484 ex
1093 1445 1158 1488 his
1195 1445 1378 1498 reliquiis
1413 1443 1661 1496 exemplum:

172 1525 379 1558 SEXAGESSIS
406 1519 455 1558 fr.
478 1523 502 1558 4
530 1519 673 1557 Avidus
698 1520 818 1556 iudex
844 1528 952 1554 reum
980 1518 1086 1555 ducit
1112 1528 1195 1555 esse
1216 1508 1354 1554 ’κοινὸν
1368 1507 1540 1566 Ἑρμῆνι
1569 1513 1663 1554 libri

173 1593 280 1631 enim
305 1585 345 1644 p.
373 1597 466 1637 283,
499 1595 543 1630 18
567 1590 740 1628 ducebat.
789 1587 874 1627 Sed
903 1587 1017 1626 valet
1043 1587 1195 1626 dictum
1214 1586 1317 1630 illud
1340 1600 1427 1625 una⁴
1444 1586 1661 1625 cuminse-

173 1664 332 1717 quenti:
363 1663 472 1709 Quod
492 1663 593 1712 leycs
621 1661 770 1706 iubent,
796 1672 873 1698 non
897 1659 1074 1708 faciunt:
1103 1649 1170 1704 δὸς
1191 1653 1259 1695 καὶ
1281 1641 1388 1709 101ss?
1394 1659 1513 1708 fervit
1536 1660 1663 1696 animo
1715 1664 1738 1673 “

171 1733 213 1770 in
236 1719 464 1784 praesentis
484 1731 690 1785 temporis,
721 1744 842 1784 quam
870 1728 927 1768 ibi
944 1729 1078 1768 'Varro
1101 1730 1371 1780 conqueritur,
1405 1729 1661 1782 depravatio-

170 1815 277 1842 nem.
337 1801 455 1854 Quae
491 1815 589 1842 vero
627 1815 652 1841 a
689 1800 850 1840 Kochio
889 1805 930 1839 et
961 1800 1150 1853 Roepero
1190 1801 1371 1841 eiusdem
1408 1799 1663 1853 corruptelae

172 1873 360 1926 exempla
389 1875 622 1921 afferuntur,
655 1886 705 1912 ea
729 1872 844 1912 nulla
873 1885 965 1911 esse
996 1876 1037 1910 et
1067 1872 1308 1911 coniecturis
1341 1872 1541 1924 corrumpi
1565 1870 1662 1910 alibi

170 1944 364 1998 probabo.
424 1944 582 1984 Eodem
611 1957 734 1984 versu
756 1956 829 1983 sex
853 1945 1060 1983 cincinnoli
1084 1941 1270 1993 Scaliger
1290 1932 1337 1982 'et
1357 1936 1494 1982 versui
1515 1955 1661 1981 conve-

170 2016 329 2055 nienter
349 2004 395 2054 et¹
410 2016 510 2054 mori
529 2016 743 2068 Varronis:
780 2014 875 2054 libri
903 2017 972 2053 sed
1001 2016 1179 2052 cincinni.
1234 2015 1301 2053 De
1326 2014 1390 2053 his
1421 2014 1663 2053 cincinnulis

172 2087 224 2125 cf.
255 2086 420 2126 Missleri
447 2087 540 2127 adn.
573 2087 626 2126 ad
655 2088 823 2126 Festum
850 2100 888 2139 p.
910 2092 970 2128 63.
1028 2085 1210 2124 Isidorus
1236 2086 1278 2124 in
1305 2083 1525 2138 originibus
1553 2084 1664 2124 XIX

171 2166 230 2207 31,
267 2165 303 2200 8.
361 2159 508 2198 Versui
544 2160 663 2198 tertio
700 2159 770 2211 qui
800 2141 1032 2196 insidebant
1060 2157 1184 2195 naevi
1211 2148 1428 2195 leviusculi
1466 2178 1511 2184 —
1542 2157 1585 2195 in
1613 2156 1661 2194 li-

170 2231 253 2270 bris
284 2235 347 2270 est
377 2230 506 2269 enim:
538 2233 658 2269 oculis
677 2223 872 2279 'supetulis
900 2220 1047 2278 nigellis
1070 2220 1207 2277 populi
1230 2250 1287 2255 -—
1307 2241 1377 2267 eos
1397 2228 1544 2281 partim
1564 2226 1661 2268 Sca-

170 2304 275 2355 liger
308 2302 455 2356 partim
492 2301 561 2340 alii
599 2306 693 2339 ante
727 2300 981 2351 Scaligerum
1019 2287 1318 2339 absterserunt:
1348 2312 1449 2353 quos
1480 2299 1663 2351 sequitur

171 2375 383 2427 Roeperus
397 2362 420 2420 ‚⁸
434 2372 502 2424 qui
534 2375 671 2410 tamen
701 2370 947 2424 transposito

442 2452 546 2492 oculi
572 2455 720 2503 nigellis
744 2453 906 2502 papulis
932 2454 1156 2503 suppae'tuli

174 2534 464 2586 elegantiorem
492 2527 665 2572 reddere
694 2545 859 2572 versum
887 2532 1054 2572 studuit.
1112 2533 1305 2582 Incaute,
1344 2538 1390 2573 ut
1425 2537 1544 2585 puto,
1582 2532 1662 2571 nisi

175 2607 296 2646 etiam
325 2605 419 2644 huic
450 2602 501 2643 de
531 2607 732 2641 Mnemon
758 2605 896 2643 versui
926 2603 998 2655 (fr.
1028 2603 1113 2655 17):

443 2683 667 2722 phrenetici
693 2683 1014 2732 Septe'mtrionum
1040 2684 1122 2734 filii

174 2763 475 2819 transponendo

446 2843 766 2897 Septe'mtrionum
791 2842 873 2891 filii
894 2842 1116 2891 phrene'tict’

175 2923 280 2964 velis
310 2923 533 2975 legitimam
563 2922 774 2961 caesuram
810 2921 1036 2961 restituere.
1083 2920 1168 2961 Sed
1198 2934 1273 2972 ego
1300 2920 1401 2960 talia
1427 2919 1661 2973 non‘ausim
