1898 3236
729 234 1071 266 comncrmm.
1597 228 1648 270 13

162 342 215 383 cf.
245 343 417 382 Pacuvii
442 342 595 382 Teucri
624 340 675 383 fr,
704 341 727 380 I
752 355 792 394 p.
818 347 863 384 97
891 340 1093 381 Ribbeck.

366 434 528 483 Squale's
551 424 782 482 scabrasque
809 434 954 471 inculta
983 435 1224 471 vastitudine.

164 536 220 574 Ut
244 535 474 574 Meinekius
513 535 712 582 (Zeitschr.
739 535 772 583 f.
799 536 872 572 Alc.
911 535 1023 572 Wiss.
1057 540 1146 575 1845
1173 548 1214 574 n.
1238 534 1306 587 ,93)
1344 535 1431 574 iure
1458 534 1649 574 videatur

162 605 388 647 Ribbeckio
419 606 446 644 l.
479 619 513 644 c.
543 605 667 658 paulo
697 605 914 643 violentius
954 605 1075 643 etiam
1113 605 1249 656 priora
1278 606 1474 645 Varronis
1506 607 1546 644 in
1575 619 1647 644 nu-

160 689 293 715 meros
322 677 527 727 coegisse:

363 767 467 816 Aqe'r
494 766 781 815 relinqueretur
806 771 842 803 et
865 766 1090 814 perbt'teret.

161 858 199 896 A
231 858 384 896 comico
411 863 612 910 sumptum
641 856 772 897 videri
800 861 999 894 Aca-mom
1032 856 1082 895 fr.
1108 863 1132 897 4

365 960 466 1006 Quid
493 961 698 997 tristiorem
730 959 837 997 video
867 965 902 997 te
930 971 1012 997 esse
1041 972 1156 1008 qaam
1180 959 1374 1005 aurificae,

364 1030 601 1079 Lampadio?
630 1032 815 1078 namquid
837 1029 1050 1077 familiaris
1076 1030 1189 1079 filias

363 1101 477 1139 Ama't
506 1113 576 1149 nec
603 1113 693 1150 spes
721 1107 777 1139 est
807 1103 934 1139 auxili
962 1101 1199 1151 arqentdria‚

364 1173 528 1220 Idetiqae
558 1175 742 1221 scapulae
771 1173 943 1212 metuunt
972 1173 1287 1223 viryinde'miam?

161 1280 272 1314 recte
312 1273 508 1312 iudicavit
545 1273 819 1322 Ribbeckius,
862 1275 931 1327 qui
969 1274 1077 1327 quod
1117 1288 1187 1313 eos
1222 1274 1366 1313 versus
1406 1275 1648 1313 comicorum

161 1345 341 1397 reliquiis
382 1358 421 1396 p.
461 1350 519 1384 lll
560 1344 798 1397 adscripsit,
846 1359 927 1384 non
963 1345 1114 1384 debent
1149 1350 1285 1384 tamen
1325 1358 1347 1383 e
1385 1345 1649 1384 Varronianis

160 1414 329 1454 secludi.
391 1415 448 1453 Ut
475 1427 638 1453 versum
668 1415 899 1455 Plautinum
928 1415 1015 1454 Mil.
1038 1415 1159 1457 Glor„
1176 1421 1264 1463 322,
1289 1416 1358 1468 qui
1386 1416 1427 1453 in
1454 1422 1651 1455 Asamum

162 1486 357 1525 Varronis
388 1485 438 1524 fr.
468 1491 490 1524 2
522 1486 611 1524 fere
650 1486 794 1525 eadem
832 1488 962 1525 forma
986 1486 1197 1537 vulgatur,
1231 1499 1308 1526 nec
1333 1486 1507 1526 Varroni
1536 1488 1647 1527 abi'u-

163 1555 383 1594 dicaverim
429 1556 716 1606 confidentius,
772 1571 850 1597 nec
894 1558 1149 1597 Varroniana
1191 1563 1382 1596 accurate
1422 1558 1476 1596 ad
1513 1559 1648 1597 Plauti

161 1640 323 1666 versum
362 1627 677 1667 efformaverim:
724 1629 774 1668 de
809 1643 891 1682 qua
929 1643 972 1668 re
1012 1629 1065 1667 cf.
1099 1634 1237 1667 tamen
1265 1641 1370 1681 quae
1399 1628 1650 1667 Ritsehelius

162 1699 322 1750 scripsit
352 1698 403 1737 de
427 1699 546 1739 Varr.
579 1700 882 1752 disciplinarum
910 1700 1023 1739 libris
1050 1714 1091 1752 p.
1117 1705 1174 1741 17.
1219 1700 1336 1738 Mitto
1353 1713 1461 1737 nunc
1485 1699 1579 1747 alia,
1608 1700 1649 1736 in

161 1769 306 1822 quibus
324 1770 455 1808 Varro
479 1771 568 1822 ipse
595 1784 710 1809 suum
735 1772 919 1811 laudavit
942 1778 1163 1818 auctorem,
1192 1776 1237 1809 ut
1263 1775 1651 1809 PEPONTOMAACKAAwI

160 1840 209 1879 fr.
242 1847 285 1882 12
314 1847 356 1879 et
384 1845 531 1879 BmAncn
559 1842 608 1880 fr.
634 1848 681 1883 25
705 1831 895 1893 Ennium,
923 1826 1186 1882 Anevwnonom
1217 1842 1266 1881 fr.
1288 1849 1310 1883 6
1332 1842 1522 1882 Plautum
1553 1857 1648 1882 eun-

162 1911 335 1963 demque
371 1915 485 1959 ΤΑφιιι
523 1913 798 1959 Mamm-ronst.
830 1919 872 1954 6:
911 1926 962 1951 ne
994 1927 1017 1950 a
1047 1913 1204 1963 graecis
1232 1912 1394 1964 quidem
1422 1914 1554 1965 poetis
1580 1913 1648 1952 ab·

161 1982 323 2030 stinuit,
360 1989 404 2021 ut
436 1987 540 2020 mm
573 1979 686 2021 PAPAE
718 1983 769 2023 fr.
795 1989 818 2023 2

508 2108 562 2113 —
592 2087 866 2124 obtrectatores
891 2089 949 2124 tui
976 2088 1050 2123 iam
1078 2097 1180 2122 nunc
1205 2093 1492 2124 murmurantes
1520 2089 1651 2124 dieunt

364 2151 617 2206 Μωμήσεταί
639 2169 697 2203 τις
727 2156 877 2207 μᾶλλον
906 2148 934 2206 ἢ
963 2150 1182 2207 μιμήσεται.

161 2257 258 2295 Alia
295 2258 469 2296 maxime
506 2257 760 2296 Menandrea
796 2258 1046 2297 Meinekium
1085 2259 1368 2307 adverterunt,
1415 2265 1459 2297 ut
1496 2260 1539 2297 in
1573 2258 1650 2297 hae

161 2333 315 2374 satura,
349 2328 413 2365 cui
444 2327 674 2366 inscribitur
711 2333 825 2366 Etru-:u
857 2333 885 2364 fl
915 2333 1044 2367 Aomc
1074 2333 1121 2366 To
1157 2333 1270 2366 ΠωκΑ
1304 2329 1352 2368 fr.
1387 2336 1402 2370 1

276 2419 357 2465 Eyo
387 2429 488 2455 unus
516 2420 659 2456 scilicet
694 2421 939 2467 antiquorum
978 2421 1171 2459 hominum
1204 2422 1399 2459 subductis
1435 2423 1653 2468 maperaliis

275 2491 423 2527 dicam.-
462 2485 654 2540 γαμήσεις
690 2489 789 2528 νοῦν
827 2486 939 2539 ἔχων.
1200 2488 1205 2493 ”

163 2578 227 2617 Cf.
258 2578 472 2618 Menandri
500 2593 644 2619 versus
681 2579 790 2633 apud
821 2579 1079 2619 Athenaeum
1114 2596 1153 2634 p.
1183 2589 1252 2624 559
1276 2583 1325 2621 E.
1351 2572 1403 2620 οὗ
1432 2584 1570 2632 γαμεῖς
1601 2572 1652 2619 ἷὶν

160 2649 260 2687 νοῦν
285 2647 376 2703 ἔχῃς
406 2664 441 2690 e.
474 2665 513 2704 q.
543 2665 575 2690 s.
613 2652 724 2690 Men.
752 2652 897 2702 fragm.
926 2665 967 2704 p.
994 2657 1014 2693 7
1047 2651 1110 2690 ed.
1142 2652 1239 2691 Did.
1299 2652 1362 2691 Cf.
1396 2660 1649 2690 nummum

160 2722 210 2760 fr.
245 2730 261 2763 1
298 2727 338 2760 et
367 2726 481 2768 ΤΑφκι
509 2726 700 2761 Μεκπητογ
729 2722 778 2761 fr.
810 2730 847 2763 11
884 2728 925 2762 et
957 2729 1012 2764 12.
1073 2723 1160 2761 Nec
1191 2723 1272 2761 alia
1301 2724 1456 2762 ratione
1488 2723 1565 2761 hoc
1601 2723 1650 2761 de

162 2795 275 2829 Mimo
304 2793 353 2832 fr.
386 2799 429 2834 13
457 2793 636 2845 accipio:

216 2886 386 2921 Alteram
411 2886 504 2920 bene
530 2890 728 2932 acceptum
754 2886 922 2922 dormire
946 2883 1082 2933 ‘saper
1107 2887 1329 2934 amphitapa
1351 2888 1443 2923 bene
1464 2886 1594 2924 molli.’
