1898 3236
258 207 337 246 196
823 212 1166 246 CONIECTANEA.

255 321 380 366 euius
398 319 634 358 condicione
664 317 828 356 definire
857 317 1002 356 librum
1031 310 1153 367 velle,
1181 321 1221 357 in
1246 333 1324 372 quo
1357 321 1478 360 facile
1508 321 1640 360 locum
1664 321 1733 360 ha·

254 390 350 429 bere
400 390 596 442 potuerit:
649 389 699 427 de
748 389 860 427 cuius
903 389 962 426 rei
1011 388 1261 428 cautionibus
1309 392 1494 443 exempla
1538 390 1738 443 quaedam

252 462 425 500 maxime
469 460 654 512 apposita
692 459 938 520 Ritschelius
979 459 1114 509 tetigit
1147 460 1189 498 in
1213 475 1317 500 novo
1348 475 1486 500 museo
1516 461 1646 500 Rhen.
1678 461 1738 500 VI

253 547 291 583 p.
330 538 410 573 514.
478 531 547 569 Sic
578 543 665 568 cum
704 530 992 578 sententiarum
1025 530 1302 581 cognationem
1331 537 1550 581 sectamur,
1589 532 1737 571 dictum

252 602 354 640 illud
401 615 481 640 non
517 600 769 639 incommode
807 601 951 639 referri
989 601 1118 652 potuit
1157 601 1208 639 ad
1245 602 1350 640 hanc
1389 610 1567 642 saturam
1607 606 1737 639 nouum

256 680 327 710 Aur
352 677 478 717 Suam,
521 686 542 710 e
581 686 660 724 qua
698 672 913 722 magnifica
951 674 1082 720 mnndi
1117 671 1332 724 descriptio
1370 673 1597 711 etiamnunc
1628 678 1738 711 extat

256 745 363 796 apud
403 742 578 782 Probum
610 742 651 780 in
681 741 852 792 Vergilii
884 740 1068 779 bucolica
1099 748 1141 789 (i,
1176 749 1217 783 31
1249 757 1286 794 p.
1319 750 1363 783 18
1390 743 1500 782 Keil.
1560 743 1617 782 Ut
1645 755 1737 780 con-

254 813 461 865 glutinatis
496 812 624 851 titulis
659 812 867 864 proditura
911 811 961 849 sit
999 812 1206 863 inscriptio
1246 817 1378 851 Domum
1416 821 1485 852 Aur
1522 819 1622 852 Suria
1649 818 1739 850 Περι

256 890 460 922 zwmmc:
501 883 574 922 illa
605 885 710 922 enim
746 886 884 921 (lolium
914 888 981 920 aut
1010 885 1113 920 seria
1150 882 1189 920 in
1219 884 1487 935 proverbialis
1519 884 1598 922 vim
1627 883 1737 921 loeu-

255 956 375 994 tionis
415 954 544 1005 accipi
580 968 700 1006 posse
730 953 980 993 Mercklinus
1011 960 1145 991 monet
1175 967 1213 1005 p.
1246 960 1333 995 397:
1370 955 1428 999 cf.
1463 955 1512 992 de
1545 968 1592 992 eo
1622 953 1738 992 titulo

258 1025 493 1064 Krahnerus
534 1023 583 1062 de
611 1025 804 1063 Varronis
834 1024 1092 1076 philosophia
1123 1038 1161 1075 p.
1190 1031 1229 1065 19
1256 1038 1316 1076 sq.
1370 1024 1453 1063 Sed
1481 1025 1522 1063 in
1552 1029 1737 1076 promptu
1776 1010 1780 1014 .

258 1102 319 1134 est
362 1095 490 1132 altera
528 1094 577 1132 de
621 1101 778 1142 satura,
827 1095 890 1132 cui
926 1094 997 1132 illa
1034 1094 1237 1132 sententia
1267 1094 1514 1144 vindicetur,
1555 1095 1736 1146 suspitio,

258 1166 370 1204 cuius
402 1166 578 1216 speciem
611 1165 771 1217 quidem
802 1163 1096 1216 probabilitatis
1127 1166 1248 1203 etiam
1276 1165 1467 1203 maiorem
1499 1177 1588 1202 esse
1618 1164 1736 1203 insto.

257 1236 515 1287 Apponam„
545 1242 589 1274 ut
627 1240 823 1287 appareat
862 1234 959 1286 quid
990 1235 1048 1272 rei
1082 1235 1134 1273 sit
1163 1236 1322 1285 integra
1351 1234 1585 1286 Philargyri
1613 1233 1738 1272 verba

257 1307 283 1344 l.
315 1321 350 1344 c.
399 1309 498 1344 Non
535 1309 659 1344 alios
701 1309 882 1354 pre'ma:
931 1307 974 1357 Si
1010 1308 1166 1352 crescit,
1208 1309 1353 1355 delicit:
1399 1310 1438 1344 in
1475 1318 1548 1354 quo
1592 1307 1739 1342 videtur

256 1385 410 1417 secutus
442 1381 674 1426 Epicurum,
713 1381 780 1425 qui
815 1381 890 1416 ait:
929 1380 1054 1415 omnia
1100 1390 1198 1427 quae
1233 1383 1317 1415 orta
1355 1379 1530 1414 occidunt
1559 1382 1595 1413 et
1624 1381 1738 1413 aucta

257 1455 469 1487 senescunt.
540 1450 696 1486 Varro
736 1455 892 1486 autem
932 1452 978 1486 in
1015 1455 1208 1495 satura,
1252 1461 1371 1497 quae
1409 1446 1738 1498 [in]scribitur

258 1523 310 1557 de
349 1522 528 1556 salute:
575 1520 653 1556 Sic
688 1522 902 1557 mundum
943 1521 1074 1556 haud
1102 1525 1265 1556 nutum
1295 1530 1399 1556 esse
1429 1530 1578 1567 neque
1609 1522 1736 1557 mori.

257 1593 368 1628 Plato
405 1596 528 1627 autem
561 1603 633 1627 non
666 1596 795 1627 natum
826 1596 892 1628 aut
925 1591 995 1637 (at)
1024 1593 1131 1627 mori.
1188 1591 1431 1627 Metrodorus
1460 1595 1584 1628 autem
1618 1601 1740 1638 neque

258 1668 388 1699 natum
422 1673 544 1708 neque
581 1663 686 1696 mori.
748 1662 873 1697 Zenon
911 1673 963 1698 ex
993 1663 1063 1698 hoc
1093 1664 1231 1698 mundo
1262 1663 1433 1709 quamvis
1463 1663 1591 1708 aliqua
1621 1663 1738 1698 inter-

258 1738 367 1778 eant,
399 1739 522 1769 tamen
553 1734 677 1779 ipsum
701 1737 888 1778 perpetuo
918 1744 1085 1777 manere,
1115 1734 1204 1780 quia
1231 1733 1459 1769 inhaereant
1485 1733 1520 1767 ei
1542 1733 1738 1775 elementa,

258 1817 277 1841 e
307 1806 443 1852 quibus
471 1799 708 1851 yenerantur
736 1804 940 1846 materiae,
972 1807 1013 1839 ut
1043 1804 1141 1839 dixit
1171 1813 1344 1838 crescere
1379 1799 1547 1850 quidem,
1596 1804 1664 1839 sed
1689 1803 1742 1838 acl

257 1877 450 1913 interitum
486 1885 558 1910 non
591 1874 806 1919 pervenire,
838 1874 1075 1909 manentibus
1104 1874 1313 1916 elementis,
1359 1885 1381 1907 a
1413 1874 1548 1919 quibus
1575 1875 1739 1910 revales-

257 1951 358 1983 cant.
418 1943 521 1982 Inde
559 1941 760 1980 oehlerus
804 1941 926 1979 haee:
965 1945 1019 1980 sic
1054 1945 1233 1980 mundum
1265 1944 1371 1979 haud
1399 1947 1529 1979 natum
1556 1953 1637 1979 esse
1674 1953 1737 1979 ne-

258 2028 330 2064 que
357 2018 454 2053 mori
481 2020 685 2064 tamquam
711 2013 916 2063 proprium
947 2013 1215 2062 fragmentum
1242 2011 1434 2051 Varronis
1456 2011 1636 2064 reliquiis
1667 2010 1735 2049 ad-

259 2086 432 2137 scripsit,
462 2083 579 2122 simul
612 2088 760 2130 cetera,
792 2096 895 2135 quae
924 2082 1053 2121 ibide
1076 2083 1262 2131 Platone,
1292 2081 1537 2129 Metrodoro,
1574 2082 1736 2119 Zenone

258 2162 483 2203 narrantur,
516 2168 536 2191 e
564 2153 757 2192 Varronis
789 2158 926 2191 satura
951 2159 1135 2205 prompta
1167 2167 1257 2192 esse
1288 2153 1528 2204 suspicatus.
1571 2151 1737 2194 Contra-

259 2227 359 2265 dixit
387 2227 427 2264 in
460 2240 529 2272 ea,
561 2236 680 2275 quam
712 2223 872 2274 saepius
905 2223 1001 2271 dixi,
1034 2237 1210 2275 censura*
1232 2223 1451 2271 Prellerus,
1484 2223 1553 2274 qui
1584 2236 1656 2273 pro
1685 2225 1740 2263 sic
1778 2211 1780 2213 Ι

222 2315 224 2317 ·
257 2297 433 2348 reposito
473 2299 526 2333 uit
555 2294 690 2332 verbis
719 2294 801 2332 illis
831 2308 911 2331 non
945 2299 1025 2331 tam
1056 2294 1263 2344 peculiare
1295 2295 1562 2344 fragmentum
1592 2293 1737 2331 Varro-

257 2368 318 2405 nis
378 2379 497 2418 quam
542 2378 736 2402 summam
781 2366 903 2402 totius
949 2370 1111 2402 saturae
1156 2366 1241 2403 eius
1281 2364 1475 2402 contineri
1511 2362 1737 2410 arbitratur,

258 2451 334 2476 nec
358 2436 459 2474 illud
488 2436 657 2486 largitur
688 2441 913 2473 ceterorum
942 2434 1159 2486 quicquam
1186 2447 1275 2472 esse
1308 2448 1328 2471 e
1351 2435 1532 2473 Varrone
1556 2435 1737 2486 petitum.

257 2509 322 2546 De
367 2510 419 2544 ait
463 2506 559 2544 mihi
597 2513 683 2543 non‘
713 2496 932 2556 persuasit:
974 2505 1136 2544 videtur
1171 2505 1274 2541 enim
1310 2507 1365 2542 sic
1391 2505 1589 2544 vindicari
1610 2519 1738 2557 posse

257 2578 314 2615 ita
336 2576 486 2614 verbis
517 2574 759 2625 distributis:
810 2578 935 2614 Varro
966 2583 1090 2613 autem
1127 2578 1164 2612 in
1197 2581 1351 2621 satura,
1390 2589 1488 2623 quae
1517 2580 1739 2615 inscribitur

258 2650 304 2685 de
333 2650 475 2691 salute,
507 2650 583 2684 sic.-
614 2648 793 2683 mundum
821 2660 858 2684 e.
881 2661 918 2699 q.
942 2661 986 2693 s.‚
1019 2645 1354 2698 quemadmodum
1383 2646 1539 2685 Probus
1570 2648 1611 2685 in
1637 2648 1737 2687 Ver-

259 2718 345 2768 gilii
374 2718 560 2755 bucolica
589 2723 623 2763 6,
644 2723 682 2757 31
709 2730 747 2767 p.
775 2722 817 2756 18
842 2717 951 2755 Keil.
983 2721 1141 2755 eundem
1163 2720 1343 2755 mundum
1372 2723 1407 2755 et
1431 2711 1578 2767 κόσμον
1598 2720 1737 2755 dictum

254 2791 396 2835 probat
434 2776 556 2826 Varro
587 2791 623 2825 in
654 2789 820 2836 Cynicis,
852 2801 964 2835 quam
1000 2791 1196 2835 inscripsit
1229 2790 1376 2826 Dolium
1407 2795 1474 2826 aut
1504 2789 1632 2831 Seria,
1662 2788 1736 2823 sic:

260 2862 424 2896 mundus
452 2861 585 2896 domus
613 2865 668 2895 est
699 2872 734 2896 e.
766 2872 805 2910 q.
835 2872 866 2896 s.
927 2858 1116 2897 Ceterum
1147 2859 1387 2896 sententiam
1417 2858 1547 2909 potius
1581 2855 1735 2908 (quam-
