<?xml version="1.0" encoding="UTF-8"?>
<!DOCTYPE html PUBLIC "-//W3C//DTD XHTML 1.0 Transitional//EN"
    "http://www.w3.org/TR/xhtml1/DTD/xhtml1-transitional.dtd">
<html xmlns="http://www.w3.org/1999/xhtml" xml:lang="en" lang="en">
 <head>
  <title>
</title>
<meta http-equiv="Content-Type" content="text/html;charset=utf-8" />
  <meta name='ocr-system' content='tesseract 3.04.00' />
  <meta name='ocr-capabilities' content='ocr_page ocr_carea ocr_par ocr_line ocrx_word'/>
</head>
<body>
  <div class='ocr_page' id='page_1' title='image "./inmterentivarron00vahluoft/inmterentivarron00vahluoft_0060.png"; bbox 0 0 1898 3236; ppageno 0'>
   <div class='ocr_carea' id='block_1_1' title="bbox 234 261 1145 305">
    <p class='ocr_par' dir='ltr' id='par_1_1' title="bbox 234 261 1145 305">
     <span class='ocr_line' id='line_1_1' title="bbox 234 261 1145 305; baseline 0.004 -5"><span class='ocrx_word' id='word_1_1' title='bbox 234 261 287 302; x_wconf 86' lang='lat'><strong>50</strong></span> <span class='ocrx_word' id='word_1_2' title='bbox 805 263 1145 305; x_wconf 72' lang='lat' dir='ltr'><strong>comECTANEA.</strong></span> 
     </span>
    </p>
   </div>
   <div class='ocr_carea' id='block_1_2' title="bbox 189 373 1714 990">
    <p class='ocr_par' dir='ltr' id='par_1_2' title="bbox 232 373 1713 568">
     <span class='ocr_line' id='line_1_2' title="bbox 233 373 1712 428; baseline 0.001 -15"><span class='ocrx_word' id='word_1_3' title='bbox 233 387 300 413; x_wconf 83' lang='lat' dir='ltr'><strong>sus</strong></span> <span class='ocrx_word' id='word_1_4' title='bbox 332 374 619 414; x_wconf 86' lang='lat' dir='ltr'><strong>convenienter</strong></span> <span class='ocrx_word' id='word_1_5' title='bbox 650 373 829 412; x_wconf 82' lang='lat' dir='ltr'><strong>Socratis</strong></span> <span class='ocrx_word' id='word_1_6' title='bbox 867 375 993 417; x_wconf 87' lang='lat' dir='ltr'><strong>menti</strong></span> <span class='ocrx_word' id='word_1_7' title='bbox 1019 380 1243 427; x_wconf 87' lang='lat' dir='ltr'><strong>opponatur</strong></span> <span class='ocrx_word' id='word_1_8' title='bbox 1269 382 1476 428; x_wconf 79' lang='lat' dir='ltr'><strong>tamquam</strong></span> <span class='ocrx_word' id='word_1_9' title='bbox 1498 376 1632 415; x_wconf 87' lang='lat' dir='ltr'><strong>verior</strong></span> <span class='ocrx_word' id='word_1_10' title='bbox 1664 389 1712 414; x_wconf 90' lang='lat' dir='ltr'><strong>ac</strong></span> 
     </span>
     <span class='ocr_line' id='line_1_3' title="bbox 233 442 1713 498; baseline 0 -15"><span class='ocrx_word' id='word_1_11' title='bbox 233 444 368 484; x_wconf 83' lang='lat' dir='ltr'><strong>sanior</strong></span> <span class='ocrx_word' id='word_1_12' title='bbox 397 444 498 482; x_wconf 88' lang='lat' dir='ltr'><strong>ratio</strong></span> <span class='ocrx_word' id='word_1_13' title='bbox 528 457 599 491; x_wconf 87' lang='lat' dir='ltr'><strong>ea,</strong></span> <span class='ocrx_word' id='word_1_14' title='bbox 631 457 734 496; x_wconf 89' lang='lat' dir='ltr'><strong>quae</strong></span> <span class='ocrx_word' id='word_1_15' title='bbox 764 444 807 482; x_wconf 89' lang='lat' dir='ltr'><strong>in</strong></span> <span class='ocrx_word' id='word_1_16' title='bbox 832 443 1004 482; x_wconf 86' lang='lat' dir='ltr'><strong>hominis</strong></span> <span class='ocrx_word' id='word_1_17' title='bbox 1031 450 1216 493; x_wconf 82' lang='lat' dir='ltr'><strong>naturam</strong></span> <span class='ocrx_word' id='word_1_18' title='bbox 1242 442 1429 498; x_wconf 73' lang='lat' dir='ltr'><strong>inquirat.</strong></span> <span class='ocrx_word' id='word_1_19' title='bbox 1488 446 1643 484; x_wconf 81' lang='lat' dir='ltr'><strong>Extant</strong></span> <span class='ocrx_word' id='word_1_20' title='bbox 1671 446 1713 484; x_wconf 92' lang='lat' dir='ltr'><strong>in</strong></span> 
     </span>
     <span class='ocr_line' id='line_1_4' title="bbox 232 502 1713 568; baseline 0 -14"><span class='ocrx_word' id='word_1_21' title='bbox 232 516 294 556; x_wconf 86' lang='lat' dir='ltr'><strong>his</strong></span> <span class='ocrx_word' id='word_1_22' title='bbox 324 514 504 567; x_wconf 70' lang='lat' dir='ltr'><strong>reliquiis</strong></span> <span class='ocrx_word' id='word_1_23' title='bbox 536 513 709 553; x_wconf 88' lang='lat' dir='ltr'><strong>diverbii</strong></span> <span class='ocrx_word' id='word_1_24' title='bbox 727 514 900 564; x_wconf 88' lang='lat' dir='ltr'><strong>vestigia</strong></span> <span class='ocrx_word' id='word_1_25' title='bbox 930 527 978 552; x_wconf 85' lang='lat' dir='ltr'><strong>ac</strong></span> <span class='ocrx_word' id='word_1_26' title='bbox 1007 515 1194 555; x_wconf 88' lang='lat' dir='ltr'><strong>videntur</strong></span> <span class='ocrx_word' id='word_1_27' title='bbox 1221 522 1358 568; x_wconf 84' lang='lat' dir='ltr'><strong>partes</strong></span> <span class='ocrx_word' id='word_1_28' title='bbox 1390 515 1447 557; x_wconf 75' lang='lat' dir='ltr'><strong>ita</strong></span> <span class='ocrx_word' id='word_1_29' title='bbox 1475 502 1713 555; x_wconf 76' lang='lat' dir='ltr'><strong>distributae</strong></span> 
     </span>
    </p>

    <p class='ocr_par' dir='ltr' id='par_1_3' title="bbox 189 583 1714 990">
     <span class='ocr_line' id='line_1_5' title="bbox 232 583 1714 639; baseline 0 -15"><span class='ocrx_word' id='word_1_30' title='bbox 232 586 378 633; x_wconf 84' lang='lat' dir='ltr'><strong>fuisse,</strong></span> <span class='ocrx_word' id='word_1_31' title='bbox 423 590 467 623; x_wconf 90' lang='lat' dir='ltr'><strong>ut</strong></span> <span class='ocrx_word' id='word_1_32' title='bbox 499 585 668 636; x_wconf 89' lang='lat' dir='ltr'><strong>primum</strong></span> <span class='ocrx_word' id='word_1_33' title='bbox 699 583 860 623; x_wconf 85' lang='lat' dir='ltr'><strong>deditus</strong></span> <span class='ocrx_word' id='word_1_34' title='bbox 898 592 1067 626; x_wconf 84' lang='lat' dir='ltr'><strong>naturae</strong></span> <span class='ocrx_word' id='word_1_35' title='bbox 1103 586 1371 639; x_wconf 80' lang='lat' dir='ltr'>explorationi</span> <span class='ocrx_word' id='word_1_36' title='bbox 1400 586 1661 638; x_wconf 82' lang='lat' dir='ltr'><strong>philosophus</strong></span> <span class='ocrx_word' id='word_1_37' title='bbox 1692 599 1714 624; x_wconf 88' lang='lat' dir='ltr'><strong>e</strong></span> 
     </span>
     <span class='ocr_line' id='line_1_6' title="bbox 189 643 1713 710; baseline 0.001 -16"><span class='ocrx_word' id='word_1_38' title='bbox 189 643 193 648; x_wconf 44' lang='grc'>’</span> <span class='ocrx_word' id='word_1_39' title='bbox 232 669 303 694; x_wconf 86' lang='lat' dir='ltr'><strong>suo</strong></span> <span class='ocrx_word' id='word_1_40' title='bbox 331 669 437 707; x_wconf 91' lang='lat' dir='ltr'><strong>penu</strong></span> <span class='ocrx_word' id='word_1_41' title='bbox 467 656 634 694; x_wconf 86' lang='lat' dir='ltr'><strong>inventa</strong></span> <span class='ocrx_word' id='word_1_42' title='bbox 666 655 867 708; x_wconf 85' lang='lat' dir='ltr'><strong>quaedam</strong></span> <span class='ocrx_word' id='word_1_43' title='bbox 899 663 939 696; x_wconf 89' lang='lat' dir='ltr'><strong>et</strong></span> <span class='ocrx_word' id='word_1_44' title='bbox 970 656 1330 709; x_wconf 80' lang='lat' dir='ltr'><strong>contemplationes</strong></span> <span class='ocrx_word' id='word_1_45' title='bbox 1356 658 1580 710; x_wconf 84' lang='lat' dir='ltr'><strong>proferret,</strong></span> <span class='ocrx_word' id='word_1_46' title='bbox 1621 656 1713 695; x_wconf 88' lang='lat' dir='ltr'><strong>dein</strong></span> 
     </span>
     <span class='ocr_line' id='line_1_7' title="bbox 233 726 1714 779; baseline -0.001 -14"><span class='ocrx_word' id='word_1_47' title='bbox 233 726 356 774; x_wconf 79' lang='lat' dir='ltr'><strong>alter,</strong></span> <span class='ocrx_word' id='word_1_48' title='bbox 395 726 464 779; x_wconf 89' lang='lat' dir='ltr'><strong>qui</strong></span> <span class='ocrx_word' id='word_1_49' title='bbox 491 726 629 765; x_wconf 86' lang='lat' dir='ltr'><strong>nescio</strong></span> <span class='ocrx_word' id='word_1_50' title='bbox 661 739 713 764; x_wconf 90' lang='lat' dir='ltr'><strong>an</strong></span> <span class='ocrx_word' id='word_1_51' title='bbox 742 727 871 766; x_wconf 84' lang='lat' dir='ltr'><strong>Varro</strong></span> <span class='ocrx_word' id='word_1_52' title='bbox 899 728 987 779; x_wconf 88' lang='lat' dir='ltr'><strong>ipse</strong></span> <span class='ocrx_word' id='word_1_53' title='bbox 1014 727 1156 775; x_wconf 86' lang='lat' dir='ltr'><strong>fuerit,</strong></span> <span class='ocrx_word' id='word_1_54' title='bbox 1197 727 1360 766; x_wconf 86' lang='lat' dir='ltr'><strong>reiectis</strong></span> <span class='ocrx_word' id='word_1_55' title='bbox 1389 726 1596 765; x_wconf 87' lang='lat' dir='ltr'><strong>inutilibus</strong></span> <span class='ocrx_word' id='word_1_56' title='bbox 1627 726 1714 764; x_wconf 87' lang='lat' dir='ltr'><strong>istis</strong></span> 
     </span>
     <span class='ocr_line' id='line_1_8' title="bbox 233 796 1713 850; baseline -0.001 -14"><span class='ocrx_word' id='word_1_57' title='bbox 233 797 544 836; x_wconf 74' lang='lat' dir='ltr'><strong>scrutationibus</strong></span> <span class='ocrx_word' id='word_1_58' title='bbox 569 797 784 835; x_wconf 86' lang='lat' dir='ltr'><strong>humanam</strong></span> <span class='ocrx_word' id='word_1_59' title='bbox 811 798 1062 850; x_wconf 84' lang='lat' dir='ltr'><strong>potissimum</strong></span> <span class='ocrx_word' id='word_1_60' title='bbox 1080 804 1265 837; x_wconf 88' lang='lat' dir='ltr'><strong>naturam</strong></span> <span class='ocrx_word' id='word_1_61' title='bbox 1287 797 1596 836; x_wconf 83' lang='lat' dir='ltr'><strong>examinandam</strong></span> <span class='ocrx_word' id='word_1_62' title='bbox 1619 796 1713 835; x_wconf 87' lang='lat' dir='ltr'><strong>edo-</strong></span> 
     </span>
     <span class='ocr_line' id='line_1_9' title="bbox 234 867 1713 921; baseline -0.001 -15"><span class='ocrx_word' id='word_1_63' title='bbox 234 874 356 907; x_wconf 82' lang='lat' dir='ltr'><strong>ceret.</strong></span> <span class='ocrx_word' id='word_1_64' title='bbox 414 868 562 920; x_wconf 89' lang='lat' dir='ltr'><strong>Itaque</strong></span> <span class='ocrx_word' id='word_1_65' title='bbox 617 867 669 906; x_wconf 89' lang='lat' dir='ltr'><strong>ad</strong></span> <span class='ocrx_word' id='word_1_66' title='bbox 705 867 816 906; x_wconf 89' lang='lat' dir='ltr'><strong>illam</strong></span> <span class='ocrx_word' id='word_1_67' title='bbox 854 874 1011 920; x_wconf 87' lang='lat' dir='ltr'><strong>partem</strong></span> <span class='ocrx_word' id='word_1_68' title='bbox 1049 874 1211 921; x_wconf 87' lang='lat' dir='ltr'><strong>praeter</strong></span> <span class='ocrx_word' id='word_1_69' title='bbox 1245 867 1327 906; x_wconf 86' lang='lat' dir='ltr'><strong>alia</strong></span> <span class='ocrx_word' id='word_1_70' title='bbox 1360 867 1555 906; x_wconf 88' lang='lat' dir='ltr'><strong>nonnulla</strong></span> <span class='ocrx_word' id='word_1_71' title='bbox 1593 867 1713 919; x_wconf 87' lang='lat' dir='ltr'><strong>perti·</strong></span> 
     </span>
     <span class='ocr_line' id='line_1_10' title="bbox 232 938 1178 990; baseline 0 -14"><span class='ocrx_word' id='word_1_72' title='bbox 232 939 370 977; x_wconf 83' lang='lat' dir='ltr'><strong>nuisse</strong></span> <span class='ocrx_word' id='word_1_73' title='bbox 399 939 473 977; x_wconf 90' lang='lat' dir='ltr'><strong>hos</strong></span> <span class='ocrx_word' id='word_1_74' title='bbox 503 938 553 977; x_wconf 88' lang='lat' dir='ltr'><strong>de</strong></span> <span class='ocrx_word' id='word_1_75' title='bbox 583 938 780 977; x_wconf 83' lang='lat' dir='ltr'><strong>sideribus</strong></span> <span class='ocrx_word' id='word_1_76' title='bbox 810 938 1033 977; x_wconf 87' lang='lat' dir='ltr'><strong>versiculos</strong></span> <span class='ocrx_word' id='word_1_77' title='bbox 1063 943 1178 990; x_wconf 87' lang='lat' dir='ltr'><strong>puto:</strong></span> 
     </span>
    </p>
   </div>
   <div class='ocr_carea' id='block_1_3' title="bbox 403 1038 1292 1226">
    <p class='ocr_par' dir='ltr' id='par_1_4' title="bbox 403 1038 1292 1226">
     <span class='ocr_line' id='line_1_11' title="bbox 403 1038 1203 1081; baseline -0.006 0"><span class='ocrx_word' id='word_1_78' title='bbox 403 1048 424 1081; x_wconf 81' lang='lat'>5</span> <span class='ocrx_word' id='word_1_79' title='bbox 867 1045 909 1078; x_wconf 84' lang='lat' dir='ltr'><strong>ut</strong></span> <span class='ocrx_word' id='word_1_80' title='bbox 935 1039 1066 1077; x_wconf 84' lang='lat' dir='ltr'><strong>sicle&#39;ra</strong></span> <span class='ocrx_word' id='word_1_81' title='bbox 1094 1038 1203 1077; x_wconf 79' lang='lat' dir='ltr'><strong>caeli&#39;</strong></span> 
     </span>
     <span class='ocr_line' id='line_1_12' title="bbox 503 1110 1292 1159; baseline -0.001 -11"><span class='ocrx_word' id='word_1_82' title='bbox 503 1111 664 1157; x_wconf 67' lang='lat' dir='ltr'><strong>Divum,</strong></span> <span class='ocrx_word' id='word_1_83' title='bbox 691 1113 835 1148; x_wconf 80' lang='lat' dir='ltr'><strong>circum</strong></span> <span class='ocrx_word' id='word_1_84' title='bbox 866 1117 1010 1148; x_wconf 80' lang='lat' dir='ltr'><strong>terram</strong></span> <span class='ocrx_word' id='word_1_85' title='bbox 1035 1110 1148 1159; x_wconf 74' lang='lat' dir='ltr'><strong>dique</strong></span> <span class='ocrx_word' id='word_1_86' title='bbox 1179 1121 1292 1147; x_wconf 76' lang='lat' dir='ltr'><strong>axem</strong></span> 
     </span>
     <span class='ocr_line' id='line_1_13' title="bbox 501 1182 1123 1226; baseline -0.002 -8"><span class='ocrx_word' id='word_1_87' title='bbox 501 1182 607 1226; x_wconf 78' lang='lat' dir='ltr'><strong>Quae</strong></span> <span class='ocrx_word' id='word_1_88' title='bbox 638 1183 838 1220; x_wconf 81' lang='lat' dir='ltr'><strong>vo&#39;lvuncur</strong></span> <span class='ocrx_word' id='word_1_89' title='bbox 862 1188 963 1219; x_wconf 79' lang='lat' dir='ltr'><strong>mom</strong></span> <span class='ocrx_word' id='word_1_90' title='bbox 993 1183 1123 1219; x_wconf 81' lang='lat' dir='ltr'><strong>o&#39;rbito.</strong></span> 
     </span>
    </p>
   </div>
   <div class='ocr_carea' id='block_1_4' title="bbox 236 1285 1716 1412">
    <p class='ocr_par' dir='ltr' id='par_1_5' title="bbox 236 1285 1716 1412">
     <span class='ocr_line' id='line_1_14' title="bbox 236 1285 1716 1347; baseline 0.001 -16"><span class='ocrx_word' id='word_1_91' title='bbox 236 1299 276 1332; x_wconf 83' lang='lat' dir='ltr'><strong>et</strong></span> <span class='ocrx_word' id='word_1_92' title='bbox 316 1306 424 1341; x_wconf 87' lang='lat' dir='ltr'><strong>eum,</strong></span> <span class='ocrx_word' id='word_1_93' title='bbox 460 1307 579 1347; x_wconf 88' lang='lat' dir='ltr'><strong>quem</strong></span> <span class='ocrx_word' id='word_1_94' title='bbox 618 1293 905 1332; x_wconf 77' lang='lat' dir='ltr'><strong>&#39;iambionicum</strong></span> <span class='ocrx_word' id='word_1_95' title='bbox 945 1307 1035 1332; x_wconf 86' lang='lat' dir='ltr'><strong>esse</strong></span> <span class='ocrx_word' id='word_1_96' title='bbox 1062 1292 1345 1332; x_wconf 88' lang='lat' dir='ltr'><strong>Lachmannus</strong></span> <span class='ocrx_word' id='word_1_97' title='bbox 1375 1285 1526 1331; x_wconf 86' lang='lat' dir='ltr'><strong>monuit</strong></span> <span class='ocrx_word' id='word_1_98' title='bbox 1555 1292 1607 1331; x_wconf 90' lang='lat' dir='ltr'><strong>ad</strong></span> <span class='ocrx_word' id='word_1_99' title='bbox 1636 1294 1716 1332; x_wconf 88' lang='lat' dir='ltr'><strong>Lu-</strong></span> 
     </span>
     <span class='ocr_line' id='line_1_15' title="bbox 236 1364 582 1412; baseline 0.012 -11"><span class='ocrx_word' id='word_1_100' title='bbox 236 1364 350 1402; x_wconf 71' lang='lat' dir='ltr'><strong>cretii</strong></span> <span class='ocrx_word' id='word_1_101' title='bbox 380 1364 439 1403; x_wconf 94' lang='lat' dir='ltr'><strong>IV</strong></span> <span class='ocrx_word' id='word_1_102' title='bbox 472 1370 582 1412; x_wconf 83' lang='lat'>1275,</span> 
     </span>
    </p>
   </div>
   <div class='ocr_carea' id='block_1_5' title="bbox 238 1465 1527 1613">
    <p class='ocr_par' dir='ltr' id='par_1_6' title="bbox 238 1465 1527 1613">
     <span class='ocr_line' id='line_1_16' title="bbox 403 1465 1473 1513; baseline 0.001 -11"><span class='ocrx_word' id='word_1_103' title='bbox 403 1470 423 1507; x_wconf 85' lang='lat'>7</span> <span class='ocrx_word' id='word_1_104' title='bbox 499 1465 674 1503; x_wconf 82' lang='lat' dir='ltr'><strong>Cande&#39;ns</strong></span> <span class='ocrx_word' id='word_1_105' title='bbox 699 1476 861 1513; x_wconf 80' lang='lat' dir='ltr'><strong>corpore</strong></span> <span class='ocrx_word' id='word_1_106' title='bbox 890 1467 1027 1503; x_wconf 63' lang='lat' dir='ltr'><strong>taurus</strong></span> <span class='ocrx_word' id='word_1_107' title='bbox 1051 1466 1160 1503; x_wconf 69' lang='lat' dir='ltr'><strong>trivit}</strong></span> <span class='ocrx_word' id='word_1_108' title='bbox 1182 1468 1322 1503; x_wconf 80' lang='lat' dir='ltr'><strong>lumine</strong></span> <span class='ocrx_word' id='word_1_109' title='bbox 1347 1467 1473 1503; x_wconf 68' lang='lat' dir='ltr'><strong>lunae.-</strong></span> 
     </span>
     <span class='ocr_line' id='line_1_17' title="bbox 238 1562 1527 1613; baseline 0 -9"><span class='ocrx_word' id='word_1_110' title='bbox 238 1566 445 1604; x_wconf 78' lang='lat' dir='ltr'><strong>Clausisse.</strong></span> <span class='ocrx_word' id='word_1_111' title='bbox 473 1571 605 1604; x_wconf 87' lang='lat' dir='ltr'><strong>autem</strong></span> <span class='ocrx_word' id='word_1_112' title='bbox 633 1579 745 1604; x_wconf 89' lang='lat' dir='ltr'><strong>suam</strong></span> <span class='ocrx_word' id='word_1_113' title='bbox 775 1565 845 1603; x_wconf 82' lang='lat' dir='ltr'><strong>ille</strong></span> <span class='ocrx_word' id='word_1_114' title='bbox 877 1562 1063 1613; x_wconf 77' lang='grc' dir='ltr'><em>ἐπίδειξιν</em></span> <span class='ocrx_word' id='word_1_115' title='bbox 1092 1566 1168 1604; x_wconf 88' lang='lat' dir='ltr'><strong>hoc</strong></span> <span class='ocrx_word' id='word_1_116' title='bbox 1198 1579 1318 1604; x_wconf 87' lang='lat' dir='ltr'><strong>versu</strong></span> <span class='ocrx_word' id='word_1_117' title='bbox 1349 1565 1527 1604; x_wconf 85' lang='lat' dir='ltr'><strong>videtur:</strong></span> 
     </span>
    </p>
   </div>
   <div class='ocr_carea' id='block_1_6' title="bbox 346 1668 1687 1786">
    <p class='ocr_par' dir='ltr' id='par_1_7' title="bbox 346 1668 1687 1786">
     <span class='ocr_line' id='line_1_18' title="bbox 346 1668 1687 1715; baseline -0.001 -8"><span class='ocrx_word' id='word_1_118' title='bbox 346 1680 350 1684; x_wconf 86' lang='grc'><strong>’</strong></span> <span class='ocrx_word' id='word_1_119' title='bbox 402 1673 424 1708; x_wconf 89' lang='grc'>6</span> <span class='ocrx_word' id='word_1_120' title='bbox 503 1669 585 1705; x_wconf 82' lang='lat' dir='ltr'><strong>Non</strong></span> <span class='ocrx_word' id='word_1_121' title='bbox 613 1669 764 1705; x_wconf 76' lang='lat' dir='ltr'><strong>subsilis</strong></span> <span class='ocrx_word' id='word_1_122' title='bbox 793 1680 838 1705; x_wconf 82' lang='lat' dir='ltr'><strong>ac</strong></span> <span class='ocrx_word' id='word_1_123' title='bbox 866 1669 1023 1715; x_wconf 76' lang='lat' dir='ltr'><strong>plaudis</strong></span> <span class='ocrx_word' id='word_1_124' title='bbox 1054 1674 1090 1705; x_wconf 81' lang='lat' dir='ltr'><strong>ec</strong></span> <span class='ocrx_word' id='word_1_125' title='bbox 1125 1670 1171 1705; x_wconf 80' lang='lat' dir='ltr'><strong>ab</strong></span> <span class='ocrx_word' id='word_1_126' title='bbox 1200 1668 1319 1706; x_wconf 82' lang='lat' dir='ltr'><strong>Ara&#39;lo</strong></span> <span class='ocrx_word' id='word_1_127' title='bbox 1341 1679 1477 1715; x_wconf 74' lang='lat' dir='ltr'><strong>posces</strong></span> <span class='ocrx_word' id='word_1_128' title='bbox 1505 1668 1687 1706; x_wconf 77' lang='lat' dir='ltr'><strong>cistrieam</strong></span> 
     </span>
     <span class='ocr_line' id='line_1_19' title="bbox 505 1738 1260 1786; baseline -0.001 -10"><span class='ocrx_word' id='word_1_129' title='bbox 505 1738 718 1776; x_wconf 66' lang='lat' dir='ltr'><strong>Coronam?</strong></span> <span class='ocrx_word' id='word_1_130' title='bbox 761 1741 852 1786; x_wconf 84' lang='lat' dir='ltr'><strong>quid</strong></span> <span class='ocrx_word' id='word_1_131' title='bbox 876 1741 973 1776; x_wconf 79' lang='lat' dir='ltr'><strong>enim</strong></span> <span class='ocrx_word' id='word_1_132' title='bbox 1000 1741 1071 1776; x_wconf 81' lang='lat' dir='ltr'><strong>hoe</strong></span> <span class='ocrx_word' id='word_1_133' title='bbox 1099 1740 1260 1776; x_wconf 77' lang='lat' dir='ltr'><strong>mz&#39;rius?</strong></span> 
     </span>
    </p>
   </div>
   <div class='ocr_carea' id='block_1_7' title="bbox 204 1837 1718 2193">
    <p class='ocr_par' dir='ltr' id='par_1_8' title="bbox 204 1837 1718 2193">
     <span class='ocr_line' id='line_1_20' title="bbox 233 1837 1717 1905; baseline 0.002 -13"><span class='ocrx_word' id='word_1_134' title='bbox 233 1854 337 1892; x_wconf 89' lang='lat' dir='ltr'><strong>Puto</strong></span> <span class='ocrx_word' id='word_1_135' title='bbox 367 1837 472 1891; x_wconf 84' lang='lat' dir='ltr'><strong>enim</strong></span> <span class='ocrx_word' id='word_1_136' title='bbox 501 1853 605 1891; x_wconf 80' lang='lat' dir='ltr'><strong>haec</strong></span> <span class='ocrx_word' id='word_1_137' title='bbox 635 1852 761 1904; x_wconf 69' lang='lat' dir='ltr'><strong>verba</strong></span> <span class='ocrx_word' id='word_1_138' title='bbox 790 1853 847 1891; x_wconf 88' lang='lat' dir='ltr'><strong>sic</strong></span> <span class='ocrx_word' id='word_1_139' title='bbox 876 1859 920 1892; x_wconf 89' lang='lat' dir='ltr'><strong>ut</strong></span> <span class='ocrx_word' id='word_1_140' title='bbox 951 1867 974 1892; x_wconf 91' lang='lat' dir='ltr'><strong>a</strong></span> <span class='ocrx_word' id='word_1_141' title='bbox 1003 1853 1136 1893; x_wconf 90' lang='lat' dir='ltr'><strong>Nonio</strong></span> <span class='ocrx_word' id='word_1_142' title='bbox 1165 1867 1203 1905; x_wconf 89' lang='lat' dir='ltr'><strong>p.</strong></span> <span class='ocrx_word' id='word_1_143' title='bbox 1236 1860 1314 1901; x_wconf 83' lang='lat'>135,</span> <span class='ocrx_word' id='word_1_144' title='bbox 1346 1859 1389 1895; x_wconf 82' lang='lat'><strong>27</strong></span> <span class='ocrx_word' id='word_1_145' title='bbox 1418 1859 1458 1891; x_wconf 88' lang='lat' dir='ltr'><strong>et</strong></span> <span class='ocrx_word' id='word_1_146' title='bbox 1486 1867 1525 1905; x_wconf 90' lang='lat' dir='ltr'><strong>p.</strong></span> <span class='ocrx_word' id='word_1_147' title='bbox 1559 1859 1639 1902; x_wconf 80' lang='lat'>374,</span> <span class='ocrx_word' id='word_1_148' title='bbox 1675 1861 1717 1895; x_wconf 85' lang='lat'><strong>13</strong></span> 
     </span>
     <span class='ocr_line' id='line_1_21' title="bbox 233 1923 1715 1976; baseline 0.001 -15"><span class='ocrx_word' id='word_1_149' title='bbox 233 1923 462 1971; x_wconf 88' lang='lat' dir='ltr'><strong>traduntur,</strong></span> <span class='ocrx_word' id='word_1_150' title='bbox 507 1924 584 1961; x_wconf 87' lang='lat' dir='ltr'><strong>nisi</strong></span> <span class='ocrx_word' id='word_1_151' title='bbox 621 1923 728 1976; x_wconf 88' lang='lat' dir='ltr'><strong>quod</strong></span> <span class='ocrx_word' id='word_1_152' title='bbox 764 1938 803 1975; x_wconf 91' lang='lat' dir='ltr'><strong>p.</strong></span> <span class='ocrx_word' id='word_1_153' title='bbox 844 1930 931 1972; x_wconf 82' lang='lat'>374,</span> <span class='ocrx_word' id='word_1_154' title='bbox 975 1931 1017 1966; x_wconf 86' lang='lat'><strong>13</strong></span> <span class='ocrx_word' id='word_1_155' title='bbox 1051 1927 1215 1962; x_wconf 77' lang='lat' dir='ltr'><strong>subsiliis</strong></span> <span class='ocrx_word' id='word_1_156' title='bbox 1243 1937 1288 1962; x_wconf 82' lang='lat' dir='ltr'><strong>ac</strong></span> <span class='ocrx_word' id='word_1_157' title='bbox 1312 1927 1478 1973; x_wconf 78' lang='lat' dir='ltr'><strong>plaudes</strong></span> <span class='ocrx_word' id='word_1_158' title='bbox 1509 1929 1570 1962; x_wconf 85' lang='lat' dir='ltr'><strong>est</strong></span> <span class='ocrx_word' id='word_1_159' title='bbox 1598 1925 1639 1962; x_wconf 91' lang='lat' dir='ltr'><strong>in</strong></span> <span class='ocrx_word' id='word_1_160' title='bbox 1670 1925 1715 1962; x_wconf 89' lang='lat' dir='ltr'><strong>li-</strong></span> 
     </span>
     <span class='ocr_line' id='line_1_22' title="bbox 233 1993 1718 2046; baseline 0.001 -14"><span class='ocrx_word' id='word_1_161' title='bbox 233 1994 336 2042; x_wconf 86' lang='lat' dir='ltr'><strong>bris,</strong></span> <span class='ocrx_word' id='word_1_162' title='bbox 393 1993 704 2045; x_wconf 86' lang='lat' dir='ltr'><strong>sesquialterum</strong></span> <span class='ocrx_word' id='word_1_163' title='bbox 750 1994 998 2033; x_wconf 86' lang='lat' dir='ltr'><strong>octonarium</strong></span> <span class='ocrx_word' id='word_1_164' title='bbox 1046 1997 1213 2034; x_wconf 86' lang='lat' dir='ltr'><strong>referre.</strong></span> <span class='ocrx_word' id='word_1_165' title='bbox 1282 1994 1470 2033; x_wconf 83' lang='lat' dir='ltr'><strong>Ceterum</strong></span> <span class='ocrx_word' id='word_1_166' title='bbox 1504 2009 1586 2034; x_wconf 89' lang='lat' dir='ltr'><strong>non</strong></span> <span class='ocrx_word' id='word_1_167' title='bbox 1625 2001 1718 2046; x_wconf 86' lang='lat' dir='ltr'><strong>eget</strong></span> 
     </span>
     <span class='ocr_line' id='line_1_23' title="bbox 234 2062 1718 2119; baseline 0.002 -17"><span class='ocrx_word' id='word_1_168' title='bbox 234 2066 502 2119; x_wconf 82' lang='lat' dir='ltr'><strong>fragmentum</strong></span> <span class='ocrx_word' id='word_1_169' title='bbox 536 2062 848 2113; x_wconf 75' lang='lat' dir='ltr'><strong>emendatione,</strong></span> <span class='ocrx_word' id='word_1_170' title='bbox 895 2078 1017 2118; x_wconf 89' lang='lat' dir='ltr'><strong>quam</strong></span> <span class='ocrx_word' id='word_1_171' title='bbox 1058 2065 1222 2117; x_wconf 88' lang='lat' dir='ltr'><strong>quidam</strong></span> <span class='ocrx_word' id='word_1_172' title='bbox 1264 2071 1417 2104; x_wconf 89' lang='lat' dir='ltr'><strong>temere</strong></span> <span class='ocrx_word' id='word_1_173' title='bbox 1458 2071 1718 2118; x_wconf 81' lang='lat' dir='ltr'><strong>temptarunt,</strong></span> 
     </span>
     <span class='ocr_line' id='line_1_24' title="bbox 204 2123 1718 2193; baseline 0.001 -19"><span class='ocrx_word' id='word_1_174' title='bbox 204 2123 307 2193; x_wconf 15' lang='lat' dir='ltr'><strong>*sed</strong></span> <span class='ocrx_word' id='word_1_175' title='bbox 341 2133 625 2187; x_wconf 24' lang='lat' dir='ltr'><strong>expli-catione.</strong></span> <span class='ocrx_word' id='word_1_176' title='bbox 649 2133 817 2184; x_wconf 85' lang='lat' dir='ltr'><strong>indiget.</strong></span> <span class='ocrx_word' id='word_1_177' title='bbox 873 2135 1069 2174; x_wconf 85' lang='lat' dir='ltr'><strong>Nimirum</strong></span> <span class='ocrx_word' id='word_1_178' title='bbox 1109 2135 1180 2174; x_wconf 88' lang='lat' dir='ltr'><strong>ille</strong></span> <span class='ocrx_word' id='word_1_179' title='bbox 1215 2150 1296 2175; x_wconf 89' lang='lat' dir='ltr'><strong>non</strong></span> <span class='ocrx_word' id='word_1_180' title='bbox 1330 2136 1525 2174; x_wconf 86' lang='lat' dir='ltr'><strong>muralem</strong></span> <span class='ocrx_word' id='word_1_181' title='bbox 1556 2141 1625 2174; x_wconf 88' lang='lat' dir='ltr'><strong>aut</strong></span> <span class='ocrx_word' id='word_1_182' title='bbox 1663 2137 1718 2175; x_wconf 88' lang='lat' dir='ltr'><strong>ci-</strong></span> 
     </span>
    </p>
   </div>
   <div class='ocr_carea' id='block_1_8' title="bbox 223 2197 1717 2257">
    <p class='ocr_par' dir='ltr' id='par_1_9' title="bbox 148 2197 1717 2257">
     <span class='ocr_line' id='line_1_25' title="bbox 223 2197 1717 2257; baseline 0.001 -13.904"><span class='ocrx_word' id='word_1_183' title='bbox 148 2197 365 2245; x_wconf 41' lang='lat' dir='ltr'><strong>{icam</strong></span> <span class='ocrx_word' id='word_1_184' title='bbox 405 2218 594 2244; x_wconf 89' lang='lat' dir='ltr'><strong>coronam</strong></span> <span class='ocrx_word' id='word_1_185' title='bbox 633 2205 820 2256; x_wconf 38' lang='lat' dir='ltr'><strong>expetitk</strong></span> <span class='ocrx_word' id='word_1_186' title='bbox 845 2205 920 2244; x_wconf 86' lang='lat' dir='ltr'><strong>sed</strong></span> <span class='ocrx_word' id='word_1_187' title='bbox 961 2210 1006 2243; x_wconf 89' lang='lat' dir='ltr'><strong>ut</strong></span> <span class='ocrx_word' id='word_1_188' title='bbox 1042 2205 1172 2253; x_wconf 69' lang='lat' dir='ltr'><strong>victor</strong></span> <span class='ocrx_word' id='word_1_189' title='bbox 1209 2206 1250 2244; x_wconf 91' lang='lat' dir='ltr'><strong>in</strong></span> <span class='ocrx_word' id='word_1_190' title='bbox 1279 2206 1547 2257; x_wconf 84' lang='lat' dir='ltr'><strong>explicatione</strong></span> <span class='ocrx_word' id='word_1_191' title='bbox 1590 2211 1717 2245; x_wconf 86' lang='lat' dir='ltr'><strong>astro-</strong></span> 
     </span>
    </p>
   </div>
   <div class='ocr_carea' id='block_1_9' title="bbox 235 2273 1720 2962">
    <p class='ocr_par' dir='ltr' id='par_1_10' title="bbox 235 2273 1720 2962">
     <span class='ocr_line' id='line_1_26' title="bbox 235 2273 1717 2332; baseline 0 -18"><span class='ocrx_word' id='word_1_192' title='bbox 235 2290 321 2314; x_wconf 85' lang='lat' dir='ltr'><strong>rum</strong></span> <span class='ocrx_word' id='word_1_193' title='bbox 358 2275 602 2314; x_wconf 71' lang='lat' dir='ltr'><strong>‘astricam&#39;:</strong></span> <span class='ocrx_word' id='word_1_194' title='bbox 649 2276 711 2314; x_wconf 88' lang='lat' dir='ltr'><strong>cui</strong></span> <span class='ocrx_word' id='word_1_195' title='bbox 750 2273 902 2332; x_wconf 63' lang='lat' dir='ltr'><strong>formae</strong></span> <span class='ocrx_word' id='word_1_196' title='bbox 943 2278 1129 2314; x_wconf 86' lang='lat' dir='ltr'><strong>conferas</strong></span> <span class='ocrx_word' id='word_1_197' title='bbox 1161 2276 1210 2315; x_wconf 84' lang='lat' dir='ltr'><strong>(le</strong></span> <span class='ocrx_word' id='word_1_198' title='bbox 1243 2281 1443 2314; x_wconf 68' lang='lat' dir='ltr'><strong>MAncwonE</strong></span> <span class='ocrx_word' id='word_1_199' title='bbox 1475 2276 1523 2315; x_wconf 90' lang='lat' dir='ltr'><strong>fr.</strong></span> <span class='ocrx_word' id='word_1_200' title='bbox 1558 2284 1599 2317; x_wconf 80' lang='lat'><strong>15</strong></span> <span class='ocrx_word' id='word_1_201' title='bbox 1630 2279 1717 2315; x_wconf 79' lang='lat' dir='ltr'><em>cho-</em></span> 
     </span>
     <span class='ocr_line' id='line_1_27' title="bbox 235 2346 1715 2400; baseline -0.001 -14"><span class='ocrx_word' id='word_1_202' title='bbox 235 2360 331 2386; x_wconf 82' lang='lat' dir='ltr'><strong>rean</strong></span> <span class='ocrx_word' id='word_1_203' title='bbox 362 2351 539 2385; x_wconf 71' lang='lat' dir='ltr'><strong>astricem.</strong></span> <span class='ocrx_word' id='word_1_204' title='bbox 599 2347 654 2384; x_wconf 90' lang='lat' dir='ltr'><strong>Et</strong></span> <span class='ocrx_word' id='word_1_205' title='bbox 684 2360 773 2384; x_wconf 89' lang='lat' dir='ltr'><strong>eam</strong></span> <span class='ocrx_word' id='word_1_206' title='bbox 800 2360 988 2385; x_wconf 85' lang='lat' dir='ltr'><strong>coronam</strong></span> <span class='ocrx_word' id='word_1_207' title='bbox 1014 2347 1150 2399; x_wconf 85' lang='lat' dir='ltr'><strong>lepide</strong></span> <span class='ocrx_word' id='word_1_208' title='bbox 1178 2346 1287 2385; x_wconf 88' lang='lat' dir='ltr'><strong>iubet</strong></span> <span class='ocrx_word' id='word_1_209' title='bbox 1316 2346 1366 2385; x_wconf 90' lang='lat' dir='ltr'><strong>ab</strong></span> <span class='ocrx_word' id='word_1_210' title='bbox 1395 2347 1523 2385; x_wconf 89' lang='lat' dir='ltr'><strong>Arato</strong></span> <span class='ocrx_word' id='word_1_211' title='bbox 1553 2347 1715 2400; x_wconf 85' lang='lat' dir='ltr'><strong>requiri,</strong></span> 
     </span>
     <span class='ocr_line' id='line_1_28' title="bbox 237 2417 1718 2470; baseline 0 -14"><span class='ocrx_word' id='word_1_212' title='bbox 237 2423 360 2470; x_wconf 58' lang='lat' dir='ltr'><strong>pjoe&#39;ta</strong></span> <span class='ocrx_word' id='word_1_213' title='bbox 396 2418 726 2469; x_wconf 79' lang='lat' dir='ltr'><strong>phaenomenon,</strong></span> <span class='ocrx_word' id='word_1_214' title='bbox 766 2431 843 2470; x_wconf 87' lang='lat' dir='ltr'><strong>quo</strong></span> <span class='ocrx_word' id='word_1_215' title='bbox 871 2418 1046 2456; x_wconf 81' lang='lat' dir='ltr'><strong>carmine</strong></span> <span class='ocrx_word' id='word_1_216' title='bbox 1077 2417 1254 2456; x_wconf 83' lang='lat' dir='ltr'><strong>siderum</strong></span> <span class='ocrx_word' id='word_1_217' title='bbox 1281 2418 1559 2469; x_wconf 87' lang='lat' dir='ltr'><strong>apparentium</strong></span> <span class='ocrx_word' id='word_1_218' title='bbox 1589 2424 1718 2457; x_wconf 90' lang='lat' dir='ltr'><strong>motus</strong></span> 
     </span>
     <span class='ocr_line' id='line_1_29' title="bbox 241 2486 1715 2541; baseline 0 -14"><span class='ocrx_word' id='word_1_219' title='bbox 241 2488 466 2541; x_wconf 82' lang='lat' dir='ltr'><strong>descripsit.</strong></span> <span class='ocrx_word' id='word_1_220' title='bbox 515 2486 644 2538; x_wconf 78' lang='lat' dir='ltr'><strong>Quasi</strong></span> <span class='ocrx_word' id='word_1_221' title='bbox 680 2486 742 2524; x_wconf 88' lang='lat' dir='ltr'><strong>cui</strong></span> <span class='ocrx_word' id='word_1_222' title='bbox 775 2501 850 2539; x_wconf 88' lang='lat' dir='ltr'><strong>per</strong></span> <span class='ocrx_word' id='word_1_223' title='bbox 880 2489 1057 2527; x_wconf 86' lang='lat' dir='ltr'><strong>carmina</strong></span> <span class='ocrx_word' id='word_1_224' title='bbox 1085 2494 1167 2527; x_wconf 83' lang='lat' dir='ltr'><strong>tam</strong></span> <span class='ocrx_word' id='word_1_225' title='bbox 1196 2495 1325 2527; x_wconf 86' lang='lat' dir='ltr'><strong>artum</strong></span> <span class='ocrx_word' id='word_1_226' title='bbox 1355 2502 1444 2527; x_wconf 89' lang='lat' dir='ltr'><strong>cum</strong></span> <span class='ocrx_word' id='word_1_227' title='bbox 1470 2489 1588 2528; x_wconf 86' lang='lat' dir='ltr'><strong>astris</strong></span> <span class='ocrx_word' id='word_1_228' title='bbox 1622 2503 1715 2528; x_wconf 88' lang='lat' dir='ltr'><strong>con-</strong></span> 
     </span>
     <span class='ocr_line' id='line_1_30' title="bbox 237 2553 1720 2611; baseline 0.002 -15"><span class='ocrx_word' id='word_1_229' title='bbox 237 2559 402 2597; x_wconf 85' lang='lat' dir='ltr'><strong>sortium</strong></span> <span class='ocrx_word' id='word_1_230' title='bbox 440 2557 577 2604; x_wconf 87' lang='lat' dir='ltr'><strong>fuerit,</strong></span> <span class='ocrx_word' id='word_1_231' title='bbox 621 2556 671 2595; x_wconf 87' lang='lat' dir='ltr'><strong>de</strong></span> <span class='ocrx_word' id='word_1_232' title='bbox 709 2570 787 2611; x_wconf 86' lang='lat' dir='ltr'><strong>quo</strong></span> <span class='ocrx_word' id='word_1_233' title='bbox 829 2557 999 2596; x_wconf 87' lang='lat' dir='ltr'><strong>Ovidius</strong></span> <span class='ocrx_word' id='word_1_234' title='bbox 1046 2558 1186 2611; x_wconf 89' lang='lat' dir='ltr'><strong>(amor.</strong></span> <span class='ocrx_word' id='word_1_235' title='bbox 1221 2560 1242 2598; x_wconf 91' lang='lat' dir='ltr'>I</span> <span class='ocrx_word' id='word_1_236' title='bbox 1273 2567 1327 2607; x_wconf 84' lang='lat'><strong>15,</strong></span> <span class='ocrx_word' id='word_1_237' title='bbox 1361 2559 1420 2611; x_wconf 83' lang='lat'><strong>15)</strong></span> <span class='ocrx_word' id='word_1_238' title='bbox 1455 2573 1541 2598; x_wconf 83' lang='lat' dir='ltr'><strong>cum</strong></span> <span class='ocrx_word' id='word_1_239' title='bbox 1564 2553 1650 2599; x_wconf 60' lang='lat' dir='ltr'><strong>sole</strong></span> <span class='ocrx_word' id='word_1_240' title='bbox 1683 2566 1720 2599; x_wconf 84' lang='lat' dir='ltr'><strong>et</strong></span> 
     </span>
     <span class='ocr_line' id='line_1_31' title="bbox 237 2627 1716 2682; baseline 0.001 -15"><span class='ocrx_word' id='word_1_241' title='bbox 237 2632 331 2668; x_wconf 83' lang='lat' dir='ltr'><strong>luna</strong></span> <span class='ocrx_word' id='word_1_242' title='bbox 359 2641 511 2677; x_wconf 83' lang='lat' dir='ltr'><strong>semper</strong></span> <span class='ocrx_word' id='word_1_243' title='bbox 536 2630 681 2666; x_wconf 76' lang='lat' dir='ltr'><strong>Aratus</strong></span> <span class='ocrx_word' id='word_1_244' title='bbox 708 2631 792 2674; x_wconf 80' lang='lat' dir='ltr'><strong>erit,</strong></span> <span class='ocrx_word' id='word_1_245' title='bbox 821 2627 855 2665; x_wconf 91' lang='lat' dir='ltr'><strong>is</strong></span> <span class='ocrx_word' id='word_1_246' title='bbox 885 2627 1006 2665; x_wconf 88' lang='lat' dir='ltr'><strong>etiam</strong></span> <span class='ocrx_word' id='word_1_247' title='bbox 1039 2642 1273 2668; x_wconf 84' lang='lat' dir='ltr'><strong>coronarum</strong></span> <span class='ocrx_word' id='word_1_248' title='bbox 1300 2629 1537 2668; x_wconf 86' lang='lat' dir='ltr'><strong>astricarum</strong></span> <span class='ocrx_word' id='word_1_249' title='bbox 1557 2630 1716 2682; x_wconf 88' lang='lat' dir='ltr'><strong>dispen-</strong></span> 
     </span>
     <span class='ocr_line' id='line_1_32' title="bbox 237 2698 1716 2752; baseline 0.001 -16"><span class='ocrx_word' id='word_1_250' title='bbox 237 2704 348 2737; x_wconf 85' lang='lat' dir='ltr'><strong>sator</strong></span> <span class='ocrx_word' id='word_1_251' title='bbox 379 2699 569 2738; x_wconf 84' lang='lat' dir='ltr'><strong>extiterit.</strong></span> <span class='ocrx_word' id='word_1_252' title='bbox 627 2700 773 2752; x_wconf 88' lang='lat' dir='ltr'><strong>Itaque</strong></span> <span class='ocrx_word' id='word_1_253' title='bbox 814 2698 934 2737; x_wconf 88' lang='lat' dir='ltr'><strong>simili</strong></span> <span class='ocrx_word' id='word_1_254' title='bbox 961 2713 1041 2738; x_wconf 90' lang='lat' dir='ltr'><strong>non</strong></span> <span class='ocrx_word' id='word_1_255' title='bbox 1072 2701 1250 2752; x_wconf 89' lang='lat' dir='ltr'><strong>compari</strong></span> <span class='ocrx_word' id='word_1_256' title='bbox 1278 2700 1396 2739; x_wconf 88' lang='lat' dir='ltr'><strong>modo</strong></span> <span class='ocrx_word' id='word_1_257' title='bbox 1423 2701 1542 2739; x_wconf 85' lang='lat' dir='ltr'><strong>Arati</strong></span> <span class='ocrx_word' id='word_1_258' title='bbox 1569 2713 1716 2751; x_wconf 80' lang='lat' dir='ltr'><strong>nomen</strong></span> 
     </span>
     <span class='ocr_line' id='line_1_33' title="bbox 238 2769 1718 2823; baseline 0.001 -16"><span class='ocrx_word' id='word_1_259' title='bbox 238 2769 462 2808; x_wconf 89' lang='lat' dir='ltr'><strong>adhibitum</strong></span> <span class='ocrx_word' id='word_1_260' title='bbox 499 2775 562 2809; x_wconf 86' lang='lat' dir='ltr'><strong>est</strong></span> <span class='ocrx_word' id='word_1_261' title='bbox 599 2775 720 2822; x_wconf 88' lang='lat' dir='ltr'><strong>atque</strong></span> <span class='ocrx_word' id='word_1_262' title='bbox 748 2782 900 2817; x_wconf 90' lang='lat' dir='ltr'><strong>eorum,</strong></span> <span class='ocrx_word' id='word_1_263' title='bbox 945 2784 1045 2823; x_wconf 89' lang='lat' dir='ltr'><strong>quos</strong></span> <span class='ocrx_word' id='word_1_264' title='bbox 1073 2784 1195 2823; x_wconf 88' lang='lat' dir='ltr'><strong>supra</strong></span> <span class='ocrx_word' id='word_1_265' title='bbox 1225 2770 1370 2818; x_wconf 86' lang='lat' dir='ltr'><strong>citavi,</strong></span> <span class='ocrx_word' id='word_1_266' title='bbox 1413 2770 1648 2809; x_wconf 84' lang='lat' dir='ltr'><strong>Aristoxeni</strong></span> <span class='ocrx_word' id='word_1_267' title='bbox 1677 2777 1718 2809; x_wconf 90' lang='lat' dir='ltr'><strong>et</strong></span> 
     </span>
     <span class='ocr_line' id='line_1_34' title="bbox 238 2839 1712 2893; baseline 0.001 -16"><span class='ocrx_word' id='word_1_268' title='bbox 238 2839 484 2880; x_wconf 86' lang='lat' dir='ltr'><strong>Aristotelis.</strong></span> <span class='ocrx_word' id='word_1_269' title='bbox 537 2843 679 2879; x_wconf 82' lang='lat' dir='ltr'><strong>Posces</strong></span> <span class='ocrx_word' id='word_1_270' title='bbox 706 2853 886 2879; x_wconf 84' lang='lat' dir='ltr'><strong>coronam</strong></span> <span class='ocrx_word' id='word_1_271' title='bbox 916 2847 1050 2880; x_wconf 88' lang='lat' dir='ltr'><strong>autem</strong></span> <span class='ocrx_word' id='word_1_272' title='bbox 1080 2841 1188 2893; x_wconf 86' lang='lat' dir='ltr'><strong>quod</strong></span> <span class='ocrx_word' id='word_1_273' title='bbox 1220 2840 1418 2879; x_wconf 84' lang='lat' dir='ltr'><strong>Oehlerus</strong></span> <span class='ocrx_word' id='word_1_274' title='bbox 1447 2840 1497 2879; x_wconf 82' lang='lat' dir='ltr'><strong>iis</strong></span> <span class='ocrx_word' id='word_1_275' title='bbox 1522 2841 1712 2889; x_wconf 84' lang='lat' dir='ltr'><strong>illustrat,</strong></span> 
     </span>
     <span class='ocr_line' id='line_1_35' title="bbox 238 2910 1716 2962; baseline 0.001 -15"><span class='ocrx_word' id='word_1_276' title='bbox 238 2922 342 2961; x_wconf 88' lang='lat' dir='ltr'><strong>quae</strong></span> <span class='ocrx_word' id='word_1_277' title='bbox 374 2910 416 2948; x_wconf 91' lang='lat' dir='ltr'><strong>in</strong></span> <span class='ocrx_word' id='word_1_278' title='bbox 444 2915 651 2949; x_wconf 64' lang='lat' dir='ltr'><strong>mammons</strong></span> <span class='ocrx_word' id='word_1_279' title='bbox 680 2911 868 2962; x_wconf 86' lang='lat' dir='ltr'><strong>leguntur</strong></span> <span class='ocrx_word' id='word_1_280' title='bbox 897 2912 944 2949; x_wconf 88' lang='lat' dir='ltr'><strong>fr.</strong></span> <span class='ocrx_word' id='word_1_281' title='bbox 980 2918 1023 2951; x_wconf 76' lang='lat'><strong>14</strong></span> <span class='ocrx_word' id='word_1_282' title='bbox 1053 2915 1093 2949; x_wconf 79' lang='lat' dir='ltr'><strong>in</strong></span> <span class='ocrx_word' id='word_1_283' title='bbox 1120 2914 1352 2960; x_wconf 63' lang='lat' dir='ltr'><strong>argumentis</strong></span> <span class='ocrx_word' id='word_1_284' title='bbox 1381 2911 1565 2949; x_wconf 78' lang='lat' dir='ltr'><strong>Caecilius</strong></span> <span class='ocrx_word' id='word_1_285' title='bbox 1588 2914 1716 2959; x_wconf 79' lang='lat' dir='ltr'><strong>poscit</strong></span> 
     </span>
    </p>
   </div>
  </div>
 </body>
</html>
