1898 3236
227 244 280 283 68
794 245 1141 282 eomECTANEA.

426 351 567 393 ‘Annos
586 358 722 393 multos
743 356 845 403 qued
864 367 1010 403 parere
1030 367 1075 392 ea
1099 367 1174 393 non
1196 357 1360 403 pdterat,
1383 356 1576 394 muliere'm
1596 357 1710 405 foras

436 427 597 463 Bae‘tere
626 429 746 464 iussit.

228 516 419 555 Aettamen
459 521 501 553 ut
540 516 616 554 hoc
654 516 802 566 largiar
830 516 1039 568 Roeper0‚
1080 529 1130 554 ne
1162 516 1219 554 sic
1250 515 1411 568 quidem
1449 514 1627 553 concedo
1659 515 1708 554 de

225 588 293 625 illo
326 600 458 625 versu.
503 585 653 638 Quidni
686 587 789 624 enim
816 592 979 624 servata
1009 587 1233 638 imperfecti
1265 586 1394 623 forma
1421 586 1477 623 sic
1502 585 1708 623 dimetiar:

431 681 572 736 Fry'yio
604 691 670 736 qui
699 687 882 735 pulvinar
910 694 1063 736 poterat
1082 687 1245 736 pinyere
1275 690 1393 725 soliar
1423 687 1660 735 depingebat,

227 790 292 829 vel
325 790 357 828 si
388 795 522 827 tamen
552 789 647 826 ferri
677 789 817 841 nequit
847 802 925 827 vox
957 788 1161 840 dactylica

431 910 437 916 .
472 909 479 917 .
513 909 520 917 .
554 909 563 917 .
594 872 727 928 fry'yio
754 882 821 927 qui
845 878 1028 927 pulvinar
1050 884 1204 927 poterat
1229 877 1392 927 pt'nyere

431 951 557 987 So'liar
584 950 822 998 ‹lepinye'baL

230 1052 370 1092 Scribo
398 1057 531 1090 autem
562 1052 807 1100 depinyebat‚
840 1062 929 1087 cum
958 1049 998 1087 in
1027 1048 1139 1087 libris
1172 1048 1231 1099 (p.
1262 1056 1296 1095 3,
1328 1049 1393 1099 24)
1423 1050 1475 1087 sit
1502 1050 1711 1097 'deviyebat‚

229 1124 306 1177 nisi
336 1122 443 1174 quod
474 1135 547 1159 ms.
574 1120 695 1159 Fabri
727 1122 935 1168 depiyebat.
998 1119 1182 1169 Scaliger
1218 1122 1449 1168 laevigabat.-
1495 1118 1712 1157 Turnebus

229 1195 461 1241 definyebat:
493 1191 668 1242 denique
698 1192 907 1238 deneyabut
937 1187 1153 1230 Oehlerus,

342 1262 552 1301 Infelicius
575 1261 709 1306 etiam,
741 1260 774 1297 si
798 1259 893 1311 quid
915 1260 1059 1305 sentio,
1092 1259 1303 1311 Roeperus
1323 1264 1711 1297 ΓεροΝτοΔιΔΑοκΛΛογ

229 1335 277 1371 fr.
322 1340 362 1372 10
399 1332 610 1370 tractavit:
657 1333 781 1368 Novas
821 1333 984 1367 maritus
1019 1331 1200 1367 taeilulus
1228 1334 1348 1368 taccim
1381 1334 1519 1369 uxoris
1548 1333 1713 1369 solvebat

227 1406 431 1452 einyulum,
463 1401 572 1454 quod
603 1402 658 1439 ita
687 1400 916 1449 distinguit:

430 1492 541 1530 ndvo'
568 1493 730 1529 maritus
762 1490 901 1528 ldeilus
929 1491 1048 1526 tumim
1078 1489 1216 1527 uxo'ris
1243 1492 1359 1528 solvet
1387 1490 1591 1540 einyulum.

232 1582 361 1630 Illud,
402 1581 509 1634 quod
547 1580 724 1632 lepidam
759 1585 798 1618 et
829 1579 955 1618 altero
986 1579 1179 1617 Varronis
1203 1579 1397 1632 *exemplo
1428 1580 1623 1618 firmatam
1654 1579 1714 1618 lo-

231 1655 445 1701 cutionem,
478 1665 581 1704 quae
615 1657 676 1689 est
708 1653 887 1690 duciculus
918 1653 1058 1696 tactim,
1100 1651 1290 1698 mutavit,
1326 1651 1431 1688 infra
1465 1649 1711 1701 expendam:

228 1738 334 1763 nunc
366 1723 416 1762 de
446 1722 683 1775 imperfecto
715 1723 890 1772 agimus:
924 1720 973 1758 de
1005 1733 1083 1771 quo
1115 1720 1318 1768 Kochius,
1354 1734 1468 1772 quem
1503 1721 1714 1772 Roeperus

228 1811 307 1835 non
337 1796 470 1841 novit,
518 1795 558 1831 in
589 1791 944 1831 exercitationibus
974 1805 1014 1843 p.
1043 1796 1088 1831 24
1116 1796 1232 1829 caute
1259 1791 1333 1828 ait:
1373 1790 1628 1829 ‘audaculum
1661 1791 1714 1830 sit

227 1870 392 1906 solvebat
422 1871 575 1904 mutare
597 1864 637 1902 in
665 1865 785 1910 solvil,
818 1863 1002 1914 quamvis
1034 1863 1090 1900 ita
1119 1861 1349 1914 proditurus
1371 1862 1424 1899 sit
1441 1866 1532 1899 tetr.
1558 1860 1709 1899 troch.:

429 1957 557 1995 Νόυιιε
586 1956 747 1992 maritus
776 1953 956 1991 tacz'tulus
982 1956 1103 1991 taoeim
1135 1953 1273 1990 uxo'ris
1301 1954 1408 1990 solvit
1436 1951 1662 2000 cz'nqulumss

229 2050 286 2088 At
315 2061 412 2086 vero
445 2045 553 2098 quod
581 2044 662 2082 illis
691 2028 887 2093 exemplis
916 2044 1047 2081 cautio
1079 2041 1276 2081 suadebat
1304 2042 1498 2079 intactum
1527 2041 1715 2098 relinqui,

228 2121 315 2158 eius
353 2119 394 2156 in
430 2117 507 2154 hoc
550 2112 815 2153 demonstrari
853 2113 1077 2151 necessitas
1116 2125 1137 2150 e
1173 2125 1329 2150 conexu
1367 2117 1528 2150 saturae
1565 2115 1713 2163 potest.

228 2190 357 2228 Varro
387 2187 505 2233 enim,
536 2184 577 2223 id
604 2183 711 2236 quod
738 2183 779 2221 in
810 2186 996 2234 promptu
1023 2188 1109 2220 erat
1129 2181 1384 2231 intellegere,
1415 2181 1456 2218 in
1478 2180 1555 2218 hac
1577 2186 1714 2219 satura

229 2273 317 2297 cum
348 2252 398 2296 de
425 2254 514 2295 aliis
541 2254 662 2293 rebus
693 2259 776 2292 tum
807 2252 857 2290 de
887 2251 1096 2289 Romanae
1128 2252 1306 2301 coniugis
1327 2251 1412 2289 vita
1431 2250 1589 2302 pristini
1607 2254 1711 2299 ⁸tem-

229 2329 337 2380 poris
375 2327 515 2365 virtuti
551 2337 599 2363 ac
636 2322 926 2362 sanctimoniae
961 2321 1204 2373 depravatos
1240 2334 1372 2360 novae
1404 2322 1549 2360 aetatis
1580 2333 1712 2359 mores

230 2397 409 2449 opponit.
442 2396 505 2434 Cf.
522 2408 644 2447 supra
660 2408 698 2446 p.
719 2400 741 2435 6
756 2407 816 2444 sq.
840 2398 880 2431 et
900 2392 1174 2431 Mommsenus
1194 2393 1236 2431 in
1255 2392 1425 2431 historia
1444 2390 1626 2429 Romana
1643 2389 1712 2428 III

227 2481 267 2518 p.
291 2472 373 2507 589.
423 2466 488 2503 Ex
514 2465 621 2503 illius
651 2463 953 2515 descriptione,.
982 2462 1090 2513 quod
1116 2475 1181 2501 res
1210 2464 1301 2514 ipsa
1331 2462 1470 2508 docet„
1510 2466 1712 2512 sumptum

229 2543 292 2574 est
324 2535 402 2573 hoc
449 2533 499 2571 de
545 2547 622 2586 quo
664 2533 832 2572 dicimus
878 2533 1167 2582 fragmentum,
1208 2533 1271 2570 cui
1304 2545 1355 2571 ne
1400 2531 1516 2569 deest
1551 2529 1712 2582 quidem

231 2604 341 2657 quod
382 2617 433 2642 ex
479 2603 608 2641 altera
652 2608 767 2655 parte
794 2602 1068 2654 respondeat.
1142 2603 1299 2655 Nempe
1336 2603 1393 2641 ita
1436 2600 1523 2638 fere
1558 2600 1710 2640 Varro:

231 2677 325 2713 Olim
355 2685 473 2712 novus
501 2675 662 2711 maritus
691 2675 840 2720 uxoris,
871 2686 983 2722 quam
1014 2676 1087 2711 rite
1117 2675 1298 2718 duxerat,
1328 2674 1516 2720 cinyulum
1547 2674 1586 2708 in
1604 2673 1710 2708 lecto

226 2747 369 2793 yeniali
397 2746 534 2782 tacitus
566 2745 752 2782 solvebat.-
791 2757 893 2782 nunc
920 2748 1024 2793 vir-90
1056 2744 1230 2780 Romana
1267 2747 1405 2789 temere
1436 2747 1552 2789 rapta
1589 2753 1613 2779 α
1642 2751 1707 2777 ne-

226 2818 303 2852 scio
331 2828 404 2862 quo
432 2817 594 2853 mulione
621 2816 792 2862 raptoris
819 2806 984 2852 ramzzes
1012 2815 1166 2861 rumpit.
1207 2812 1275 2851 Sic
1298 2812 1401 2850 enim
1429 2810 1616 2859 coniungi
1638 2809 1706 2847 de-

226 2883 375 2921 bebant
403 2885 471 2922 frr.
502 2891 543 2925 10
573 2890 612 2922 et
641 2891 676 2925 8.
736 2884 793 2923 Ut
828 2878 1050 2935 appareatf
1071 2895 1190 2935 quam
1220 2895 1311 2934 non<
1330 2880 1514 2918 debuerit
1542 2881 1709 2933 solvebat
