1898 3236
763 261 1105 293 CONIECTANEA.
1245 275 1247 277 -
1601 251 1680 292 167

191 369 351 421 pressit,
381 367 455 409 sed
474 368 713 420 simpliciter
737 371 866 415 instat,
887 372 934 407 nt
954 366 1049 407 olim
1067 350 1297 406 Palmerius
1316 371 1569 418 reposuerat.
1605 367 1678 406 Et-

193 440 299 480 enim
332 440 366 479 is
396 438 601 479 scribendi
625 452 734 489 usus,
775 452 854 492 quo
882 451 903 478 s
930 438 1087 490 impuro
1121 437 1278 476 vocalis
1308 438 1596 490 praemittitur,
1626 452 1680 477 ne

193 524 218 549 a
246 509 390 549 mediis
408 509 582 562 -quidem
610 509 822 549 vocabulis
853 509 1012 548 alienus
1040 508 1137 547 fuit:
1165 508 1226 547 sic
1254 510 1413 546 reistam
1437 522 1510 560 pro
1531 515 1680 548 restant

191 580 300 634 apud
338 581 516 620 Nonium
547 595 587 633 p.
618 585 706 629 272,
745 586 790 622 13
829 585 871 618 et
905 580 948 618 in
980 578 1117 618 indice
1147 577 1412 618 Caecilianae
1443 579 1678 619 comoediae

192 651 430 704 compluries
464 643 680 691 oboloistate
715 665 790 703 pro
826 652 1040 690 obolostate.
1100 649 1287 688 Alteram
1330 650 1559 690 sententiae
1586 664 1679 703 par·

189 728 271 762 tem
306 721 508 762 oehlerus
545 722 692 775 partim
722 722 872 760 Mureti
900 721 1046 774 partim
1076 733 1190 759 suam
1217 726 1379 759 secutus
1407 722 1679 761 coniecturam

190 795 248 833 ita
278 792 504 845 expressit:
545 795 602 831 sic
631 794 719 830 illae
755 795 875 831 animi
901 794 1027 831 nostri
1057 797 1148 831 sunt
1174 794 1342 841 qrallae,
1383 805 1505 831 crura
1538 807 1585 832 ac
1610 807 1678 843 pe-

189 868 256 904 des
295 858 433 911 nostri,
479 876 531 902 ex
559 875 601 901 se
630 854 833 913 ἆκίνητοι,
871 865 942 902 sed
967 865 1019 901 ab
1047 866 1173 902 animo
1201 869 1410 902 moventur.
1451 863 1500 902 In
1530 864 1678 917 quibus

188 949 311 975 unum
340 940 421 984 est,
457 935 565 987 quod
596 947 660 972 me
690 935 797 973 male
822 933 968 972 habet:
1011 947 1101 972 cum
1131 934 1238 972 enim
1267 933 1326 972 sic
1356 935 1532 973 construi
1561 949 1678 988 opor-

148 1049 160 1053 ,
187 1013 292 1057 teat,
324 1008 444 1045 animi
468 1008 592 1044 nostri
615 1008 785 1055 yrallae,
822 1016 854 1042 c.
885 1016 933 1042 ac
950 1017 993 1053 p.
1026 1017 1077 1052 n.‚
1107 1016 1160 1043 ecc
1187 1016 1228 1043 se
1258 996 1440 1054 ἀκίνητοι
1466 1012 1575 1053 sunt,
1611 1011 1682 1046 sed

187 1081 234 1118 ab
262 1092 325 1117 an.
347 1082 557 1123 moventur,
586 1076 692 1115 haec
719 1076 906 1115 iunctura
931 1089 1014 1115 non
1043 1075 1305 1115 mediocriter.
1327 1076 1444 1115 verbi
1475 1083 1565 1115 sunt
1595 1078 1677 1117 col-

185 1150 391 1190 locatione
420 1147 676 1195 obscuratur,
718 1145 827 1199 quod
853 1151 946 1199 post
973 1138 1154 1200 ἆκίνητοι
1183 1147 1252 1186 vel
1280 1153 1372 1199 post
1394 1159 1446 1186 ex
1473 1160 1515 1186 se
1541 1149 1678 1201 potius

188 1212 489 1274 expectaveris.
547 1217 825 1266 ProbabiliuS,
875 1223 921 1257 ut
951 1222 1069 1270 puto,
1110 1219 1349 1258 Krahnerus
1389 1219 1440 1258 de
1478 1220 1676 1260 Varronis

185 1290 445 1345 philosophia
482 1304 521 1343 p.
553 1296 597 1330 15
634 1289 692 1328 ita
724 1295 765 1328 et
792 1288 932 1328 scribit
957 1287 1004 1328 ’et
1030 1288 1235 1341 explicat:
1275 1292 1331 1328 sic
1359 1292 1416 1328 illi
1444 1289 1502 1342 (h.
1537 1304 1572 1330 e.
1605 1291 1677 1331 ho-

158 1363 161 1365 ’
186 1364 315 1402 mines
347 1361 417 1415 qui
449 1362 492 1399 in
520 1360 662 1412 grallis
692 1359 819 1412 stant)
858 1359 979 1398 animi*
1005 1362 1130 1399 nostri
1155 1366 1265 1398 sunt:
1299 1363 1450 1409 9rallae
1478 1374 1600 1399 crura
1630 1376 1677 1401 ac

181 1437 301 1484 pedes
332 1435 474 1479 nostri,
503 1443 556 1470 ex
583 1443 624 1470 se
650 1425 853 1481 ἀκίνητοι,
883 1433 954 1470 sed
978 1433 1024 1469 ab
1056 1432 1181 1468 animo
1211 1420 1421 1469 moventur.
1484 1431 1677 1472 Ceterum

185 1510 231 1543 ut
266 1503 334 1542 hic
371 1503 502 1542 Varro
542 1515 659 1541 crura
686 1516 734 1541 ac
759 1502 889 1554 pedes
918 1508 1123 1555 tamquam
1151 1502 1303 1554 grallas
1327 1503 1451 1541 animi
1479 1502 1676 1556 depingit,

185 1577 243 1614 ita
272 1573 415 1614 eadem
446 1572 546 1612 alibi
569 1579 615 1612 ut
635 1586 767 1612 ramos
792 1573 945 1613 arboris
968 1573 1195 1625 descripsit,
1223 1572 1332 1625 apud
1354 1573 1536 1613 Gellium
1557 1575 1676 1625 XVI,

187 1652 231 1687 16
277 1646 376 1683 Esse
407 1650 533 1683 autem
565 1656 710 1693 pueros
745 1647 785 1683 in
818 1650 927 1684 utero
967 1646 1093 1684 Varro
1122 1647 1214 1683 dicit
1241 1648 1366 1695 capite
1394 1648 1524 1694 infimo
1549 1649 1674 1694 nixos,

184 1727 339 1754 sursum
363 1717 527 1763 pedibus
552 1717 681 1753 elatis.-
710 1729 785 1754 non
814 1722 856 1755 ut
878 1718 1040 1755 hominis
1065 1722 1210 1755 natura
1233 1722 1307 1764 est,
1342 1720 1412 1756 sed
1439 1723 1483 1756 ut
1510 1720 1674 1757 arboria

185 1800 274 1825 nam
297 1788 417 1835 pedes
439 1798 636 1835 cruraque
665 1788 817 1825 arboris
845 1789 1016 1836 appellat
1046 1800 1196 1836 ramos,
1228 1793 1347 1837 caput
1374 1791 1533 1838 stirpem
1560 1795 1675 1839 atque

183 1859 390 1896 caudicem.
450 1856 628 1896 Tantum
662 1856 714 1896 de
753 1857 831 1896 hoc
859 1857 1108 1910 fragmento:
1147 1864 1239 1897 sunt
1267 1864 1402 1898 autem
1441 1861 1563 1899 etiam
1595 1859 1673 1899 duo

123 1962 134 1965 -
184 1941 291 1980 quae
334 1932 557 1980 sequuntur
594 1927 775 1968 eiusdem
811 1933 972 1968 sat-urae
1006 1928 1130 1968 valde
1167 1929 1398 1981 inquinata:
1446 1929 1497 1969 de
1527 1930 1674 1983 quibus

182 2012 294 2038 meas
323 1996 577 2051 opinationes
607 1998 717 2038 alias
740 2013 986 2053 expromam,
1013 2013 1102 2039 cum
1127 1999 1355 2057 videbitur..
