1898 3236
364 209 440 249 188
931 216 1268 247 comum-mm.

358 324 498 362 niano:
529 325 673 368 baculo,
705 321 813 374 quod
835 322 1084 360 concinnitas
1103 321 1284 374 requirit,
1312 335 1384 373 pro
1406 323 1550 360 baccha
1570 321 1637 359 vel
1656 323 1837 360 bacchum

358 394 549 432 librorum
579 399 619 431 et
646 396 838 432 bacchans
868 393 1100 432 editionum.
1159 393 1227 431 Fr.
1258 392 1388 431 XXII
1417 405 1559 431 versus
1587 392 1838 444 recuperavi,

364 477 531 517 quorum
570 464 784 503 simulacra
813 464 1010 518 quaedam
1044 462 1245 502 Oehlerus
1277 477 1399 503 caeco
1429 463 1561 502 studio
1590 463 1839 503 Basilienses

361 539 522 572 secutus
568 533 819 586 depinxerat.
866 537 965 573 iubet
1007 547 1088 573 esse
1127 536 1377 587 transposui,
1423 547 1506 574 esse
1544 537 1645 574 iubet
1678 534 1841 574 codices

359 604 481 642 Nonii
510 617 551 655 p.
583 610 671 652 236,
705 610 750 644 24
789 610 829 642 et
865 619 902 657 p.
930 610 1018 653 452,
1049 612 1083 647 9.
1146 605 1326 650 Alterius
1363 619 1504 645 versus
1543 619 1733 646 mensura
1762 619 1841 658 quo

362 679 566 713 constaret
597 677 682 712 acri
716 675 878 714 inserui.
938 678 1047 714 eiecit
1080 689 1152 727 pro
1180 679 1280 715 eiicit
1310 689 1332 714 e
1362 676 1655 728 Bambergensi
1683 676 1840 730 recepi:

363 745 415 783 cf.
458 759 563 798 quae
601 745 651 784 de
686 750 873 785 accedens
913 747 1111 798 scriptura
1158 759 1230 798 pro
1269 748 1445 784 accidens
1482 761 1522 799 p.
1557 754 1601 789 95
1640 747 1841 787 admonui.

361 818 441 855 Pro
480 820 661 863 villicum,
700 816 810 869 quod
844 817 984 855 Iunius
1025 816 1217 870 correxit,
1267 817 1309 854 in
1343 815 1456 854 libris
1492 831 1532 869 p.
1573 823 1641 859 452
1679 820 1843 856 vellicem

362 886 569 935 scribitur,
622 887 729 926 unde
770 887 919 925 rectius
964 887 1135 926 fortasse
1179 889 1349 925 vellicum
1395 887 1474 926 dici
1524 887 1723 927 Oehlerus
1773 887 1842 927 ad-

362 963 488 996 notat.
548 958 617 998 Sic
650 958 780 1009 Varro
819 956 869 994 de
906 970 950 995 re
987 958 1138 995 rustica
1165 958 1186 995 I
1213 962 1256 1005 2,
1297 963 1357 997 14:
1398 972 1422 995 a
1460 971 1533 1007 quo
1571 961 1707 997 rustici
1731 961 1844 997 etiam

336 1037 465 1066 ‘rcune
502 1040 649 1077 quoque
686 1031 785 1075 viam
819 1039 924 1066 veam
954 1030 1150 1076 appellant
1181 1058 1189 1065 .
1220 1059 1227 1066 .
1257 1034 1293 1066 et
1322 1031 1454 1067 vellum
1479 1043 1554 1068 non
1579 1032 1716 1068 villam.
1778 1028 1842 1069 Of.

363 1111 467 1151 quae
518 1098 626 1136 idem
667 1097 763 1137 ibid.
798 1099 818 1136 I
852 1104 917 1145 48,
960 1103 982 1136 2
1028 1097 1079 1135 de
1114 1111 1239 1149 speca
1275 1103 1316 1136 et
1359 1100 1484 1151 spica·
1515 1099 1675 1141 scribit:
1723 1103 1843 1148 spica,

362 1182 477 1218 quam
507 1171 661 1214 rustici,
693 1174 735 1206 ut
764 1173 996 1216 acceperunt
1025 1170 1246 1216 antiquitus,
1277 1174 1411 1207 vocant
1439 1181 1613 1218 specum,
1642 1182 1666 1207 a
1694 1181 1762 1218 spe
1792 1172 1844 1209 vi-

362 1244 474 1280 detur
514 1243 719 1279 nominata.
779 1236 885 1278 Vide
925 1238 1176 1289 Scaligerum
1204 1239 1254 1278 de
1289 1252 1421 1278 senum
1450 1245 1491 1279 et
1525 1242 1650 1278 sinum
1679 1241 1720 1279 in
1750 1225 1842 1280 con-

362 1311 558 1350 iectaneis
587 1324 627 1362 p.
655 1316 734 1350 210.
795 1308 878 1348 Sed
907 1309 1132 1347 Varronem
1170 1309 1300 1361 ipsum
1325 1311 1536 1363 scripsisse
1563 1299 1736 1349 ‘vellicum
1765 1324 1846 1350 non

365 1381 558 1421 credibile
589 1386 663 1419 est.
723 1380 792 1418 Fr.
819 1379 974 1418 XXIII
1011 1380 1119 1434 quod
1148 1382 1190 1419 in
1219 1381 1330 1420 libris
1360 1382 1417 1420 ita
1445 1380 1618 1420 habetur
1645 1395 1685 1433 p.
1716 1389 1797 1431 392,
1823 1389 1847 1423 4

365 1455 527 1502 denique
558 1453 643 1500 quis
672 1462 792 1489 sanus
819 1457 876 1488 est
901 1464 1057 1498 avaruS,
1088 1455 1152 1490 cui
1181 1456 1216 1490 si
1241 1457 1314 1490 stet
1342 1457 1448 1489 terra
1475 1453 1516 1489 id
1543 1454 1709 1491 traditus
1730 1454 1844 1500 orbis,

360 1525 534 1573 furando
568 1528 693 1560 tamen
727 1534 774 1559 ac
804 1524 932 1560 morbo
962 1552 969 1559 .
1002 1551 1010 1558 .
1042 1552 1049 1558 .
1075 1525 1224 1570 peculi,
1258 1536 1296 1574 p.
1325 1526 1414 1569 264,
1439 1526 1485 1561 20
1513 1512 1688 1570 furando
1720 1528 1847 1562 tamen

364 1607 411 1632 ac
439 1594 568 1631 morbo
594 1623 601 1630 .
631 1623 638 1629 .
670 1622 677 1630 .
702 1595 842 1641 peculi,
872 1592 1156 1631 Lachmannus
1181 1593 1354 1645 repulsis
1375 1592 1572 1631 editorum
1595 1593 1757 1645 ineptiis
1781 1606 1845 1632 re-

366 1664 494 1702 stituit
521 1668 565 1701 ut
593 1675 715 1714 supra
743 1662 885 1714 scripsi
913 1662 965 1702 ad
994 1663 1172 1702 Lucretii
1196 1663 1241 1702 II
1270 1669 1350 1710 181,
1380 1661 1449 1700 ubi
1473 1665 1602 1702 standi
1627 1647 1844 1712 notionem,

365 1748 470 1787 quae
499 1734 566 1772 hic
601 1738 682 1780 est,
722 1732 912 1784 explicat.
972 1732 1089 1771 Idem
1120 1733 1173 1771 ad
1211 1733 1391 1772 eiusdem
1426 1733 1517 1772 libri
1543 1747 1582 1773 v.
1611 1740 1681 1776 829
1706 1748 1747 1786 p.
1780 1739 1847 1775 122

365 1808 449 1855 quis
482 1809 618 1842 sanast
649 1804 840 1851 formam,
880 1816 1001 1856 quam
1032 1802 1233 1842 Oehlerus
1265 1804 1515 1844 memorabili
1547 1804 1758 1855 diligentia
1787 1805 1846 1844 sic

364 1882 482 1915 sanu’
514 1880 570 1913 'st
597 1874 809 1926 expressit,
839 1886 919 1911 non
949 1873 1159 1912 ferendam
1192 1888 1282 1914 esse
1311 1876 1351 1914 in
1372 1876 1565 1915 Varronis
1600 1875 1847 1915 hexametris

365 1952 514 1986 monet.
575 1946 638 1985 Of.
671 1957 775 1996 quae
807 1942 890 1981 dixi
919 1957 958 1995 p.
984 1949 1041 1985 27.
1092 1929 1094 1931 ,

478 2018 546 2056 Fr.
570 2017 720 2056 XXIV
748 2028 800 2054 ne
831 2015 894 2054 vis
927 2021 966 2054 et
998 2017 1247 2055 concinnitas
1275 2016 1500 2065 sententiae
1531 2015 1843 2064 desideraretur,

367 2096 402 2127 et
432 2088 583 2126 inserui
617 2092 710 2125 ante
751 2088 865 2124 sani.-
907 2092 1084 2125 ceterum
1115 2087 1274 2126 collatis
1302 2087 1540 2126 testimoniis
1566 2086 1688 2124 Nonii
1717 2100 1754 2138 p.
1787 2093 1846 2135 35,

373 2166 413 2201 16
445 2166 484 2198 et
504 2154 550 2211 vp.
582 2165 669 2205 549,
702 2163 747 2196 22
779 2170 827 2195 ea
854 2157 1118 2195 conformatio
1148 2158 1363 2209 fragmenti
1391 2158 1546 2209 prodit,
1579 2171 1698 2210 quam
1727 2169 1848 2208 supra

369 2235 530 2268 secutus
569 2242 676 2267 sum:
724 2241 800 2265 nec
842 2226 892 2265 de
927 2227 1193 2267 collocatione
1229 2227 1444 2267 verborum
1474 2230 1648 2266 videntur
1672 2227 1758 2266 ’6336
1789 2227 1845 2281 (p.

370 2306 438 2340 549
466 2311 547 2336 esse
575 2301 751 2336 videntur
775 2297 941 2349 legitur)
974 2297 1168 2336 dubitatio
1200 2311 1292 2337 esse
1317 2303 1464 2350 potest.

481 2370 590 2419 Ergo
616 2368 778 2407 Veritas
808 2368 904 2406 licet
934 2381 1007 2406 sua
1037 2368 1309 2420 disputatione
1336 2368 1438 2406 illud
1471 2370 1687 2419 effecisset,
1718 2375 1761 2408 ut
1786 2371 1846 2409 fu-

368 2441 520 2487 riosus,
563 2452 683 2490 quem
720 2443 909 2490 putarant
946 2451 1103 2486 omnes,
1146 2451 1190 2476 se
1226 2438 1305 2476 iam
1337 2452 1418 2476 non
1449 2438 1653 2478 dementia
1687 2446 1847 2491 captum

370 2510 630 2558 existimaret,
662 2515 798 2548 tamen
828 2522 918 2547 cum
944 2508 1070 2547 semel
1099 2509 1207 2546 fama
1228 2508 1435 2547 *insaniam
1464 2509 1549 2548 eius
1579 2509 1846 2560 divulgasset,

370 2581 420 2620 ab
457 2581 548 2632 ipsa
583 2580 892 2619 Existimatione
929 2577 1104 2616 debebat
1139 2579 1181 2616 in
1220 2593 1407 2619 sanorum
1447 2593 1655 2619 numerum
1691 2580 1846 2620 referri.

371 2652 609 2706 Forensium
628 2651 750 2702 igitur
777 2650 967 2689 iudicium
997 2650 1239 2702 anquiritur:

482 2722 608 2762 XXV
640 2721 718 2774 (44)
759 2725 948 2761 For-enses
977 2725 1197 2770 decernunt,
1227 2729 1268 2761 ut
1297 2725 1540 2762 Existimatio
1568 2714 1702 2761 nom'en
1726 2733 1848 2759 meum

371 2798 422 2853 in,
440 2807 623 2833 sanorum
653 2806 852 2833 numerum
881 2794 1042 2842 referat.
1551 2847 1556 2850 .

371 2868 561 2904 Forenses
600 2871 782 2918 apertum
819 2865 1057 2906 est‚vocari
1093 2863 1162 2916 qui
1195 2865 1236 2904 in
1271 2864 1357 2902 foro
1386 2868 1598 2902 versantur
1626 2867 1666 2901 et
1693 2862 1849 2912 agitare
