1898 3236
784 266 1129 307 commovunt
1651 267 1705 307 67

214 381 377 434 quidem
410 395 472 430 ea,
506 395 611 434 quae
640 394 748 420 nunc
778 380 908 429 abest,
938 384 1153 419 venustate
1185 379 1303 418 metri
1327 380 1447 418 istam
1476 379 1599 418 facile
1627 380 1705 418 fer-

213 467 296 491 rem
326 454 695 505 transpositionem,
727 465 808 505 qua
835 452 976 490 nativa
999 450 1103 490 haec
1126 457 1166 490 et
1187 451 1359 503 simplex
1380 451 1598 490 verborum
1620 451 1701 490 col-

212 524 359 562 locatio
389 527 518 572 itaque
547 526 654 563 brevi
675 531 843 573 tempore
873 536 1012 572 magna
1031 534 1134 571 pars
1161 522 1288 561 fucati
1319 523 1438 561 metri
1464 524 1596 573 gratia
1624 528 1705 578 tur·

213 594 344 645 batur.
402 595 494 633 Hoc
523 595 706 643 incaute,
735 594 837 633 illud
867 594 970 634 adeo
999 593 1410 633 temere-institutum
1441 593 1554 641 dico,
1595 593 1704 650 quod

211 668 382 704 veniebat
420 666 701 717 imperfectum
746 666 787 704 in
826 665 1054 718 praesentis
1090 664 1259 701 formam
1293 668 1489 702 mutatur:
1522 665 1611 716 quis
1644 670 1706 702 est

212 737 331 783 enim,
361 736 430 788 qui
459 741 640 788 praestet
668 736 803 784 hodie,
834 750 915 775 non
945 734 1219 775 necessariam
1252 732 1347 772 olim
1376 735 1417 772 in
1447 748 1519 773 suo
1548 748 1706 773 conexu

213 809 340 858 ipsam
378 807 588 859 praeteriti
619 807 789 846 formam
819 807 975 846 fuisse?
1034 807 1266 846 Peccarunt
1295 805 1337 843 in
1367 804 1443 844 hoc
1474 819 1627 856 genere
1656 805 1703 849 li-

212 878 333 916 brarii
371 878 494 916 Nonii
530 879 717 930 saepius:
759 878 902 926 audio,
951 890 1195 932 quamquam
1234 889 1286 914 ne
1327 875 1406 914 hoc
1446 875 1609 928 quidem
1655 876 1704 913 iis

211 949 356 1002 quibus
389 951 600 1002 Roeperus
629 949 754 987 utitur
790 950 987 1003 exemplis
1020 953 1190 987 constat.
1231 947 1337 986 Nam
1359 945 1468 999 quod
1499 951 1703 984 Innoxvsoc

210 1021 260 1060 fr.
289 1027 311 1061 2
341 1024 579 1070 Apollonium
609 1023 694 1058 ideo
722 1024 943 1067 exem-iant,
976 1023 1067 1070 quia
1097 1020 1194 1057 nihil
1219 1020 1382 1056 habebat
1409 1018 1571 1055 senaria
1593 1030 1704 1055 men-

212 1104 307 1130 sura
334 1081 549 1130 des'eribit:

412 1183 652 1231 Apo'llonium
682 1185 767 1221 ideo
797 1184 1006 1220 excuricmt
1045 1184 1134 1230 quia
1168 1181 1224 1219 m'l
1252 1182 1376 1227 habet,

209 1284 370 1323 videtur
396 1285 604 1336 praesenti
633 1286 747 1323 habet
775 1284 917 1323 favere
943 1283 1115 1322 alterum
1139 1285 1349 1321 exc-uriam
1379 1294 1594 1334 praesens:
1625 1294 1701 1319 nec

209 1362 346 1394 tamen
370 1354 437 1394 vel
467 1355 533 1393 hic
566 1355 823 1394 desideratur
853 1356 980 1403 ratio,
1019 1368 1100 1407 qua
1139 1353 1233 1392 huic
1262 1353 1454 1391 historico
1486 1352 1596 1404 quod
1631 1365 1701 1390 vo-

211 1432 305 1464 cant
340 1427 547 1478 praesenti
581 1425 910 1465 accommodetur
948 1424 1223 1476 praeteritum.
1284 1424 1415 1462 Metro
1447 1429 1582 1462 autem
1612 1436 1704 1470 cum

209 1510 290 1534 non
324 1510 404 1534 uno
437 1496 556 1535 modo
586 1496 774 1535 satisfieri
799 1496 948 1547 possit,
977 1494 1116 1533 nescio
1144 1507 1195 1532 an
1227 1494 1405 1547 Roeperi
1430 1494 1590 1532 senario
1622 1506 1705 1531 non

211 1565 389 1604 deterior
419 1567 470 1605 sit
500 1566 567 1605 hic
595 1567 848 1619 septenarius
876 1565 944 1605 vel
975 1564 1250 1603 octonariust.

413 1659 654 1706 Apollo'nium
681 1659 766 1696 ideo
795 1657 1015 1702 excurianl,
1046 1658 1135 1704 quia
1166 1654 1263 1692 nihil
1285 1650 1448 1692 habebat
1480 1683 1487 1691 .
1520 1684 1528 1691 .

210 1748 309 1795 nisi,
347 1761 427 1800 quo
465 1747 566 1787 nihil
603 1747 658 1787 ad
693 1760 837 1788 versus
874 1746 1148 1797 integritatem
1179 1744 1455 1792 desideretur,
1479 1745 1703 1783 trimetrum

210 1818 587 1870 hypercatalectum
616 1824 796 1858 statuere
826 1818 951 1865 velis,
993 1816 1103 1870 quod
1131 1829 1261 1867 genus
1287 1828 1478 1854 versuum
1507 1816 1702 1866 attingam

207 1890 326 1928 infra.
387 1891 452 1929 De
481 1903 679 1928 mensura·
689 1890 861 1928 nominis
882 1891 1077 1938 Apollonii
1100 1888 1152 1927 cf.
1174 1886 1423 1926 Ritschelius
1448 1886 1489 1924 in
1515 1886 1702 1938 prolego7

208 1960 335 1999 menis
356 1974 397 2013 p.
420 1971 610 2001 cxxxvn.
663 1965 941 1999 Kocxompmnc
972 1965 1106 1998 autem
1127 1960 1177 1999 fr.
1202 1966 1217 1999 l
1244 1961 1400 2008 Fryyio,
1433 1959 1500 2005 qui
1517 1959 1703 2004 pulvinar

202 2037 358 2078 poterat
383 2033 555 2080 pinqere‚
587 2033 707 2069 soliar
736 2033 931 2081 deviyebat
960 2016 1069 2083 quod
1098 2030 1309 2081 Roeperus
1335 2028 1391 2066 ita
1423 2025 1637 2065 describit:

406 2114 570 2171 phry‘yio
603 2124 670 2171 qui
687 2122 875 2170 pulvinar
899 2127 1054 2170 poterat
1081 2121 1255 2170 pe'nyere,
1285 2121 1405 2158 soliar
1432 2117 1603 2165 lae'viyet,

208 2224 416 2262 immemor
452 2223 529 2261 fuit
566 2223 776 2275 praecepti
812 2222 1135 2262 Lachmanniani
1173 2220 1225 2259 ad
1253 2219 1435 2258 Lucretii
1461 2218 1505 2256 II
1527 2206 1602 2259 '719
1632 2231 1701 2256 vo-

207 2292 353 2341 cabula
385 2292 592 2345 dactylica
624 2292 808 2330 trochaei
842 2292 933 2330 loco
968 2293 1010 2330 in
1040 2304 1164 2330 versu
1193 2290 1289 2342 poni
1319 2303 1399 2328 non
1426 2287 1598 2336 debere,
1638 2289 1703 2326 cui

206 2363 315 2401 idem
353 2362 462 2408 alibi,
509 2374 754 2413 quamquam
792 2373 874 2399 non
910 2362 998 2399 sine
1039 2360 1290 2400 dubitatione
1328 2359 1378 2398 de
1409 2360 1584 2398 veritate
1615 2359 1702 2396 eius

207 2433 430 2484 praecepti,
453 2431 767 2471 obsecundavit:
803 2432 856 2471 cf.
876 2431 1079 2482 Philologi
1102 2432 1168 2470 IX
1185 2446 1229 2484 p.
1244 2438 1314 2474 269
1339 2437 1379 2470 et
1395 2446 1434 2483 p.
1451 2435 1533 2472 570.
1569 2429 1701 2469 Video

209 2504 330 2541 etiam
360 2502 627 2542 Ritschelium
655 2504 697 2542 in
722 2516 829 2542 novo
856 2515 995 2540 museo
1026 2502 1225 2541 Rhenauo
1246 2501 1353 2541 VIII
1373 2515 1413 2553 p.
1438 2506 1504 2542 159
1525 2501 1563 2539 ei
1583 2513 1699 2552 prae-

209 2578 351 2624 cept0,
389 2572 497 2624 quod
531 2586 612 2612 non
643 2573 694 2613 de
723 2573 850 2613 nihilo
877 2586 968 2612 esse
998 2573 1198 2624 agnoscit,
1229 2586 1310 2611 non
1340 2578 1477 2610 tamen
1507 2571 1699 2623 simplici-

208 2650 271 2682 ter
310 2642 581 2684 subscribere.
639 2645 730 2684 Nec
766 2645 809 2684 in
846 2643 1029 2682 omnibus
1059 2643 1223 2696 quidem
1253 2642 1516 2682 Lachmanno
1546 2641 1699 2680 obtem-

208 2714 370 2765 peravit
396 2713 692 2752 Fleckeisenus
718 2714 759 2751 in
787 2713 1006 2752 Terentio:
1032 2714 1086 2753 cf.
1115 2715 1195 2753 Ad.
1226 2720 1291 2756 971
1326 2713 1381 2764 (V
1411 2719 1447 2760 9,
1481 2711 1556 2763 14).
1594 2712 1698 2749 Hec.

209 2790 279 2825 380
316 2783 401 2835 (ΙΙΙ
438 2790 480 2831 3,
517 2782 579 2834 20)
620 2781 671 2822 al.
739 2782 876 2835 Atque
924 2785 966 2822 in
1005 2784 1068 2822 his
1106 2784 1371 2824 Varronianis
1410 2794 1500 2820 cum
1538 2786 1700 2819 saturae

206 2859 276 2891 Tov
302 2859 446 2892 nume
471 2857 705 2891 Tolhmuou
737 2853 786 2892 fr.
816 2860 840 2894 2
867 2860 996 2893 metro
1024 2860 1264 2906 conceptum
1290 2852 1588 2902 intellegerem,
1618 2864 1700 2889 non

208 2926 321 2977 potui
349 2931 486 2964 tamen
513 2924 759 2977 dactylicam
787 2915 931 2964 vocem
959 2938 1033 2982 pro
1062 2924 1255 2964 trochaeo
1284 2923 1487 2962 devitare:

1369 2990 1428 3027 5*
