<?xml version="1.0" encoding="UTF-8"?>
<!DOCTYPE html PUBLIC "-//W3C//DTD XHTML 1.0 Transitional//EN"
    "http://www.w3.org/TR/xhtml1/DTD/xhtml1-transitional.dtd">
<html xmlns="http://www.w3.org/1999/xhtml" xml:lang="en" lang="en">
 <head>
  <title>
</title>
<meta http-equiv="Content-Type" content="text/html;charset=utf-8" />
  <meta name='ocr-system' content='tesseract 3.04.00' />
  <meta name='ocr-capabilities' content='ocr_page ocr_carea ocr_par ocr_line ocrx_word'/>
</head>
<body>
  <div class='ocr_page' id='page_1' title='image "./inmterentivarron00vahluoft/inmterentivarron00vahluoft_0230.png"; bbox 0 0 1898 3236; ppageno 0'>
   <div class='ocr_carea' id='block_1_1' title="bbox 226 234 1141 279">
    <p class='ocr_par' dir='ltr' id='par_1_1' title="bbox 226 234 1141 279">
     <span class='ocr_line' id='line_1_1' title="bbox 226 234 1141 279; baseline 0.002 -4"><span class='ocrx_word' id='word_1_1' title='bbox 226 234 308 277; x_wconf 86' lang='lat'><strong>220</strong></span> <span class='ocrx_word' id='word_1_2' title='bbox 802 245 1141 279; x_wconf 69' lang='lat' dir='ltr'><strong>comno&#39;rANnA.</strong></span> 
     </span>
    </p>
   </div>
   <div class='ocr_carea' id='block_1_2' title="bbox 226 349 1718 1182">
    <p class='ocr_par' dir='ltr' id='par_1_2' title="bbox 226 349 1718 1182">
     <span class='ocr_line' id='line_1_2' title="bbox 226 349 1710 404; baseline 0.003 -16"><span class='ocrx_word' id='word_1_3' title='bbox 226 363 345 389; x_wconf 84' lang='lat' dir='ltr'><strong>narro</strong></span> <span class='ocrx_word' id='word_1_4' title='bbox 375 349 498 400; x_wconf 82' lang='grc' dir='ltr'><strong>1130ος</strong></span> <span class='ocrx_word' id='word_1_5' title='bbox 530 349 604 388; x_wconf 87' lang='lat' dir='ltr'><strong>scd</strong></span> <span class='ocrx_word' id='word_1_6' title='bbox 632 350 700 402; x_wconf 86' lang='lat' dir='ltr'><strong>qui</strong></span> <span class='ocrx_word' id='word_1_7' title='bbox 732 351 1036 390; x_wconf 83' lang='lat' dir='ltr'><strong>circumstantes</strong></span> <span class='ocrx_word' id='word_1_8' title='bbox 1068 350 1269 398; x_wconf 87' lang='lat' dir='ltr'><strong>viderunt,</strong></span> <span class='ocrx_word' id='word_1_9' title='bbox 1299 366 1380 391; x_wconf 91' lang='lat' dir='ltr'><strong>non</strong></span> <span class='ocrx_word' id='word_1_10' title='bbox 1410 353 1531 392; x_wconf 85' lang='lat' dir='ltr'><strong>credo</strong></span> <span class='ocrx_word' id='word_1_11' title='bbox 1559 353 1710 404; x_wconf 81' lang='lat' dir='ltr'><strong>risuros</strong></span> 
     </span>
     <span class='ocr_line' id='line_1_3' title="bbox 228 420 1712 473; baseline 0.003 -15"><span class='ocrx_word' id='word_1_12' title='bbox 228 433 338 470; x_wconf 87' lang='lat' dir='ltr'><strong>esse;</strong></span> <span class='ocrx_word' id='word_1_13' title='bbox 371 420 512 459; x_wconf 89' lang='lat' dir='ltr'><strong>videre</strong></span> <span class='ocrx_word' id='word_1_14' title='bbox 534 420 690 468; x_wconf 86' lang='lat' dir='ltr'><strong>videor,</strong></span> <span class='ocrx_word' id='word_1_15' title='bbox 718 426 762 459; x_wconf 85' lang='lat' dir='ltr'><strong>ut</strong></span> <span class='ocrx_word' id='word_1_16' title='bbox 786 421 946 460; x_wconf 84' lang='lat' dir='ltr'><strong>hiantes</strong></span> <span class='ocrx_word' id='word_1_17' title='bbox 966 427 1007 460; x_wconf 86' lang='lat' dir='ltr'><strong>et</strong></span> <span class='ocrx_word' id='word_1_18' title='bbox 1027 421 1299 473; x_wconf 79' lang='lat' dir='ltr'><strong>obstupefacti</strong></span> <span class='ocrx_word' id='word_1_19' title='bbox 1318 422 1500 473; x_wconf 83' lang='lat' dir='ltr'><strong>adstent3</strong></span> <span class='ocrx_word' id='word_1_20' title='bbox 1532 423 1712 462; x_wconf 83' lang='lat' dir='ltr'><strong>ridentes</strong></span> 
     </span>
     <span class='ocr_line' id='line_1_4' title="bbox 227 490 1712 546; baseline 0.002 -17"><span class='ocrx_word' id='word_1_21' title='bbox 227 505 279 530; x_wconf 89' lang='lat' dir='ltr'><strong>ne</strong></span> <span class='ocrx_word' id='word_1_22' title='bbox 310 491 439 530; x_wconf 86' lang='lat' dir='ltr'><strong>audeo</strong></span> <span class='ocrx_word' id='word_1_23' title='bbox 471 490 634 544; x_wconf 81' lang='lat' dir='ltr'><strong>quidem</strong></span> <span class='ocrx_word' id='word_1_24' title='bbox 662 493 855 542; x_wconf 85' lang='lat' dir='ltr'><strong>cogitare.</strong></span> <span class='ocrx_word' id='word_1_25' title='bbox 903 491 1092 531; x_wconf 86' lang='lat' dir='ltr'><strong>Ceterum</strong></span> <span class='ocrx_word' id='word_1_26' title='bbox 1110 491 1250 531; x_wconf 86' lang='lat' dir='ltr'><strong>videre</strong></span> <span class='ocrx_word' id='word_1_27' title='bbox 1275 492 1384 542; x_wconf 86' lang='lat' dir='ltr'><strong>licet,</strong></span> <span class='ocrx_word' id='word_1_28' title='bbox 1413 506 1533 546; x_wconf 90' lang='lat' dir='ltr'><strong>quam</strong></span> <span class='ocrx_word' id='word_1_29' title='bbox 1551 492 1712 532; x_wconf 85' lang='lat' dir='ltr'><strong>lenibus</strong></span> 
     </span>
     <span class='ocr_line' id='line_1_5' title="bbox 228 561 1712 616; baseline 0.001 -16"><span class='ocrx_word' id='word_1_30' title='bbox 228 562 514 600; x_wconf 86' lang='lat' dir='ltr'><strong>mutationibus</strong></span> <span class='ocrx_word' id='word_1_31' title='bbox 546 561 774 601; x_wconf 83' lang='lat' dir='ltr'><strong>&#39;defunctus</strong></span> <span class='ocrx_word' id='word_1_32' title='bbox 814 564 911 611; x_wconf 85' lang='lat' dir='ltr'><strong>sim‚·</strong></span> <span class='ocrx_word' id='word_1_33' title='bbox 954 569 997 600; x_wconf 93' lang='lat' dir='ltr'><strong>ut</strong></span> <span class='ocrx_word' id='word_1_34' title='bbox 1035 563 1103 616; x_wconf 91' lang='lat' dir='ltr'><strong>qui</strong></span> <span class='ocrx_word' id='word_1_35' title='bbox 1142 564 1228 602; x_wconf 87' lang='lat' dir='ltr'><strong>fere</strong></span> <span class='ocrx_word' id='word_1_36' title='bbox 1258 564 1372 616; x_wconf 74' lang='lat' dir='ltr'><strong>[nihil</strong></span> <span class='ocrx_word' id='word_1_37' title='bbox 1414 565 1566 615; x_wconf 81' lang='lat' dir='ltr'><strong>egerim</strong></span> <span class='ocrx_word' id='word_1_38' title='bbox 1601 563 1712 603; x_wconf 88' lang='lat' dir='ltr'><strong>aliud</strong></span> 
     </span>
     <span class='ocr_line' id='line_1_6' title="bbox 229 630 1714 686; baseline 0.002 -15"><span class='ocrx_word' id='word_1_39' title='bbox 229 646 348 685; x_wconf 90' lang='lat' dir='ltr'><strong>quam</strong></span> <span class='ocrx_word' id='word_1_40' title='bbox 387 630 537 673; x_wconf 77' lang='lat' dir='ltr'><strong>rec&#39;tius</strong></span> <span class='ocrx_word' id='word_1_41' title='bbox 577 633 703 671; x_wconf 87' lang='lat' dir='ltr'><strong>verba</strong></span> <span class='ocrx_word' id='word_1_42' title='bbox 739 633 1009 681; x_wconf 66' lang='lat' dir='ltr'><strong>distinxerim:</strong></span> <span class='ocrx_word' id='word_1_43' title='bbox 1056 648 1080 672; x_wconf 87' lang='lat' dir='ltr'><strong>a</strong></span> <span class='ocrx_word' id='word_1_44' title='bbox 1116 648 1197 686; x_wconf 86' lang='lat' dir='ltr'><strong>qua</strong></span> <span class='ocrx_word' id='word_1_45' title='bbox 1232 635 1402 674; x_wconf 85' lang='lat' dir='ltr'><strong>lenitate</strong></span> <span class='ocrx_word' id='word_1_46' title='bbox 1439 635 1560 686; x_wconf 88' lang='lat' dir='ltr'><strong>longe</strong></span> <span class='ocrx_word' id='word_1_47' title='bbox 1597 635 1714 674; x_wconf 86' lang='lat' dir='ltr'><strong>abest</strong></span> 
     </span>
     <span class='ocr_line' id='line_1_7' title="bbox 228 703 1711 757; baseline 0.002 -16"><span class='ocrx_word' id='word_1_48' title='bbox 228 703 479 755; x_wconf 86' lang='lat' dir='ltr'><strong>superiorum</strong></span> <span class='ocrx_word' id='word_1_49' title='bbox 511 704 689 743; x_wconf 80' lang='lat' dir='ltr'><strong>licentia.</strong></span> <span class='ocrx_word' id='word_1_50' title='bbox 749 703 938 757; x_wconf 86' lang='lat' dir='ltr'><strong>Denique</strong></span> <span class='ocrx_word' id='word_1_51' title='bbox 971 704 1078 756; x_wconf 89' lang='lat' dir='ltr'><strong>quod</strong></span> <span class='ocrx_word' id='word_1_52' title='bbox 1116 718 1197 743; x_wconf 91' lang='lat' dir='ltr'><strong>non</strong></span> <span class='ocrx_word' id='word_1_53' title='bbox 1234 705 1433 755; x_wconf 84' lang='lat' dir='ltr'><strong>integrum</strong></span> <span class='ocrx_word' id='word_1_54' title='bbox 1465 706 1711 744; x_wconf 85' lang='lat' dir='ltr'><strong>enuntiatum</strong></span> 
     </span>
     <span class='ocr_line' id='line_1_8' title="bbox 227 773 1709 824; baseline 0.002 -13"><span class='ocrx_word' id='word_1_55' title='bbox 227 773 426 824; x_wconf 84' lang='lat' dir='ltr'><strong>praestiti,</strong></span> <span class='ocrx_word' id='word_1_56' title='bbox 454 774 526 813; x_wconf 88' lang='lat' dir='ltr'><strong>sed</strong></span> <span class='ocrx_word' id='word_1_57' title='bbox 553 775 776 815; x_wconf 88' lang='lat' dir='ltr'><strong>desiderari</strong></span> <span class='ocrx_word' id='word_1_58' title='bbox 806 775 847 813; x_wconf 88' lang='lat' dir='ltr'><strong>in</strong></span> <span class='ocrx_word' id='word_1_59' title='bbox 877 775 957 813; x_wconf 88' lang='lat' dir='ltr'><strong>fine</strong></span> <span class='ocrx_word' id='word_1_60' title='bbox 986 775 1155 814; x_wconf 88' lang='lat' dir='ltr'><strong>verbum</strong></span> <span class='ocrx_word' id='word_1_61' title='bbox 1183 775 1262 824; x_wconf 81' lang='lat' dir='ltr'><strong>aio,</strong></span> <span class='ocrx_word' id='word_1_62' title='bbox 1292 789 1373 814; x_wconf 93' lang='lat' dir='ltr'><strong>non</strong></span> <span class='ocrx_word' id='word_1_63' title='bbox 1404 775 1582 815; x_wconf 82' lang='lat' dir='ltr'><strong>offendet</strong></span> <span class='ocrx_word' id='word_1_64' title='bbox 1606 789 1709 823; x_wconf 87' lang='lat' dir='ltr'><strong>eum,</strong></span> 
     </span>
     <span class='ocr_line' id='line_1_9' title="bbox 229 844 1712 912; baseline 0.001 -31"><span class='ocrx_word' id='word_1_65' title='bbox 229 844 297 895; x_wconf 89' lang='lat' dir='ltr'><strong>qui</strong></span> <span class='ocrx_word' id='word_1_66' title='bbox 332 844 507 883; x_wconf 89' lang='lat' dir='ltr'><strong>Nonium</strong></span> <span class='ocrx_word' id='word_1_67' title='bbox 538 846 607 885; x_wconf 90' lang='lat' dir='ltr'><strong>vel</strong></span> <span class='ocrx_word' id='word_1_68' title='bbox 645 859 669 884; x_wconf 90' lang='lat' dir='ltr'><strong>a</strong></span> <span class='ocrx_word' id='word_1_69' title='bbox 703 846 840 912; x_wconf 65' lang='grc' dir='ltr'><strong>111111ηο</strong></span> <span class='ocrx_word' id='word_1_70' title='bbox 881 852 926 884; x_wconf 86' lang='lat' dir='ltr'><strong>ut</strong></span> <span class='ocrx_word' id='word_1_71' title='bbox 962 846 1074 885; x_wconf 86' lang='lat' dir='ltr'><strong>aiunt</strong></span> <span class='ocrx_word' id='word_1_72' title='bbox 1109 847 1359 894; x_wconf 85' lang='lat' dir='ltr'><strong>salutaverit.</strong></span> <span class='ocrx_word' id='word_1_73' title='bbox 1421 845 1523 885; x_wconf 85' lang='lat' dir='ltr'><strong>Sunt</strong></span> <span class='ocrx_word' id='word_1_74' title='bbox 1561 845 1642 884; x_wconf 91' lang='lat' dir='ltr'><strong>alia</strong></span> <span class='ocrx_word' id='word_1_75' title='bbox 1670 845 1712 884; x_wconf 83' lang='lat' dir='ltr'><strong>in</strong></span> 
     </span>
     <span class='ocr_line' id='line_1_10' title="bbox 228 906 1718 972; baseline 0.002 -21"><span class='ocrx_word' id='word_1_76' title='bbox 228 913 305 952; x_wconf 84' lang='lat' dir='ltr'><strong>hac</strong></span> <span class='ocrx_word' id='word_1_77' title='bbox 340 920 477 954; x_wconf 85' lang='lat' dir='ltr'><strong>satura</strong></span> <span class='ocrx_word' id='word_1_78' title='bbox 515 917 722 955; x_wconf 87' lang='lat' dir='ltr'><strong>commode</strong></span> <span class='ocrx_word' id='word_1_79' title='bbox 752 906 971 970; x_wconf 86' lang='lat' dir='ltr'><strong>aliquando</strong></span> <span class='ocrx_word' id='word_1_80' title='bbox 1002 916 1224 965; x_wconf 81' lang='lat' dir='ltr'><strong>monenda⁷</strong></span> <span class='ocrx_word' id='word_1_81' title='bbox 1263 917 1378 956; x_wconf 86' lang='lat' dir='ltr'><strong>velut</strong></span> <span class='ocrx_word' id='word_1_82' title='bbox 1408 915 1628 972; x_wconf 86' lang='lat' dir='ltr'><strong>Oehlerum</strong></span> <span class='ocrx_word' id='word_1_83' title='bbox 1660 921 1718 954; x_wconf 84' lang='lat' dir='ltr'><strong>ne&#39;</strong></span> 
     </span>
     <span class='ocr_line' id='line_1_11' title="bbox 228 984 1712 1038; baseline 0 -15"><span class='ocrx_word' id='word_1_84' title='bbox 228 984 380 1024; x_wconf 88' lang='lat' dir='ltr'><strong>vidisse</strong></span> <span class='ocrx_word' id='word_1_85' title='bbox 412 987 574 1038; x_wconf 89' lang='lat' dir='ltr'><strong>quidem</strong></span> <span class='ocrx_word' id='word_1_86' title='bbox 604 988 651 1026; x_wconf 89' lang='lat' dir='ltr'><strong>fr.</strong></span> <span class='ocrx_word' id='word_1_87' title='bbox 676 994 698 1028; x_wconf 78' lang='lat'>4</span> <span class='ocrx_word' id='word_1_88' title='bbox 727 990 869 1027; x_wconf 85' lang='lat' dir='ltr'><strong>Eodem</strong></span> <span class='ocrx_word' id='word_1_89' title='bbox 899 991 1103 1026; x_wconf 82' lang='lat' dir='ltr'><strong>coniecisse</strong></span> <span class='ocrx_word' id='word_1_90' title='bbox 1133 999 1239 1025; x_wconf 86' lang='lat' dir='ltr'><strong>mera</strong></span> <span class='ocrx_word' id='word_1_91' title='bbox 1266 989 1454 1026; x_wconf 81' lang='lat' dir='ltr'><strong>miracula</strong></span> <span class='ocrx_word' id='word_1_92' title='bbox 1479 988 1615 1024; x_wconf 81' lang='lat' dir='ltr'><strong>Nescio</strong></span> <span class='ocrx_word' id='word_1_93' title='bbox 1636 999 1712 1035; x_wconf 82' lang='lat' dir='ltr'><strong>qua</strong></span> 
     </span>
     <span class='ocr_line' id='line_1_12' title="bbox 229 1058 1711 1115; baseline 0 -21"><span class='ocrx_word' id='word_1_94' title='bbox 229 1061 269 1094; x_wconf 88' lang='lat' dir='ltr'><strong>et</strong></span> <span class='ocrx_word' id='word_1_95' title='bbox 303 1058 514 1115; x_wconf 82' lang='lat' dir='ltr'><strong>metricum</strong></span> <span class='ocrx_word' id='word_1_96' title='bbox 553 1071 643 1097; x_wconf 88' lang='lat' dir='ltr'><strong>esse</strong></span> <span class='ocrx_word' id='word_1_97' title='bbox 680 1064 719 1098; x_wconf 90' lang='lat' dir='ltr'><strong>et</strong></span> <span class='ocrx_word' id='word_1_98' title='bbox 757 1058 954 1098; x_wconf 85' lang='lat' dir='ltr'><strong>artissime</strong></span> <span class='ocrx_word' id='word_1_99' title='bbox 992 1058 1210 1097; x_wconf 86' lang='lat' dir='ltr'><strong>cohaerere</strong></span> <span class='ocrx_word' id='word_1_100' title='bbox 1242 1071 1330 1096; x_wconf 90' lang='lat' dir='ltr'><strong>cum</strong></span> <span class='ocrx_word' id='word_1_101' title='bbox 1362 1058 1411 1096; x_wconf 87' lang='lat' dir='ltr'><strong>fr.</strong></span> <span class='ocrx_word' id='word_1_102' title='bbox 1446 1064 1483 1098; x_wconf 91' lang='grc'><strong>11</strong></span> <span class='ocrx_word' id='word_1_103' title='bbox 1537 1058 1711 1095; x_wconf 83' lang='lat' dir='ltr'><strong>Haecin</strong></span> 
     </span>
     <span class='ocr_line' id='line_1_13' title="bbox 229 1127 1711 1182; baseline 0 -17"><span class='ocrx_word' id='word_1_104' title='bbox 229 1131 325 1166; x_wconf 76' lang='grc' dir='ltr'><strong>αέηο</strong></span> <span class='ocrx_word' id='word_1_105' title='bbox 370 1131 425 1166; x_wconf 79' lang='lat' dir='ltr'><strong>bis</strong></span> <span class='ocrx_word' id='word_1_106' title='bbox 469 1135 572 1167; x_wconf 80' lang='lat' dir='ltr'><strong>terve</strong></span> <span class='ocrx_word' id='word_1_107' title='bbox 609 1132 860 1168; x_wconf 75' lang='lat' dir='ltr'><strong>indicula-sse:</strong></span> <span class='ocrx_word' id='word_1_108' title='bbox 907 1128 1169 1182; x_wconf 89' lang='lat' dir='ltr'><strong>eiusdemque</strong></span> <span class='ocrx_word' id='word_1_109' title='bbox 1211 1127 1435 1167; x_wconf 80' lang='lat' dir='ltr'><strong>socordiam</strong></span> <span class='ocrx_word' id='word_1_110' title='bbox 1484 1129 1711 1180; x_wconf 83' lang='lat' dir='ltr'><strong>corrupisse</strong></span> 
     </span>
    </p>
   </div>
   <div class='ocr_carea' id='block_1_3' title="bbox 230 1198 1766 1257">
    <p class='ocr_par' dir='ltr' id='par_1_3' title="bbox 230 1198 1766 1257">
     <span class='ocr_line' id='line_1_14' title="bbox 230 1198 1766 1257; baseline 0.001 -22"><span class='ocrx_word' id='word_1_111' title='bbox 230 1198 278 1237; x_wconf 85' lang='lat' dir='ltr'><strong>fr.</strong></span> <span class='ocrx_word' id='word_1_112' title='bbox 301 1206 321 1239; x_wconf 86' lang='lat'>5</span> <span class='ocrx_word' id='word_1_113' title='bbox 359 1200 406 1237; x_wconf 89' lang='lat' dir='ltr'><strong>Ut</strong></span> <span class='ocrx_word' id='word_1_114' title='bbox 434 1204 564 1237; x_wconf 81' lang='lat' dir='ltr'><strong>eatae</strong></span> <span class='ocrx_word' id='word_1_115' title='bbox 594 1211 673 1237; x_wconf 87' lang='lat' dir='ltr'><strong>rem</strong></span> <span class='ocrx_word' id='word_1_116' title='bbox 691 1202 884 1248; x_wconf 81' lang='lat' dir='ltr'><strong>publicam</strong></span> <span class='ocrx_word' id='word_1_117' title='bbox 915 1203 1114 1245; x_wconf 75' lang='lat' dir='ltr'><strong>ministret,</strong></span> <span class='ocrx_word' id='word_1_118' title='bbox 1146 1202 1248 1247; x_wconf 82' lang='lat' dir='ltr'><strong>quod</strong></span> <span class='ocrx_word' id='word_1_119' title='bbox 1270 1202 1369 1247; x_wconf 84' lang='lat' dir='ltr'><strong>pulli</strong></span> <span class='ocrx_word' id='word_1_120' title='bbox 1388 1201 1540 1245; x_wconf 55' lang='lat' dir='ltr'><strong>tentent,</strong></span> <span class='ocrx_word' id='word_1_121' title='bbox 1573 1199 1612 1236; x_wconf 89' lang='lat' dir='ltr'><strong>in</strong></span> <span class='ocrx_word' id='word_1_122' title='bbox 1634 1211 1712 1251; x_wconf 89' lang='lat' dir='ltr'><strong>quo</strong></span> <span class='ocrx_word' id='word_1_123' title='bbox 1757 1249 1766 1257; x_wconf 32' lang='lat'><em>⁶</em></span> 
     </span>
    </p>
   </div>
   <div class='ocr_carea' id='block_1_4' title="bbox 230 1261 1715 1536">
    <p class='ocr_par' dir='ltr' id='par_1_4' title="bbox 230 1261 1715 1536">
     <span class='ocr_line' id='line_1_15' title="bbox 230 1261 1713 1322; baseline 0.001 -15"><span class='ocrx_word' id='word_1_124' title='bbox 230 1282 250 1306; x_wconf 78' lang='lat' dir='ltr'><strong>e</strong></span> <span class='ocrx_word' id='word_1_125' title='bbox 292 1268 405 1308; x_wconf 89' lang='lat' dir='ltr'><strong>libris</strong></span> <span class='ocrx_word' id='word_1_126' title='bbox 447 1261 629 1308; x_wconf 24' lang='lat' dir='ltr'><strong>omnib-us</strong></span> <span class='ocrx_word' id='word_1_127' title='bbox 668 1273 908 1319; x_wconf 74' lang='lat' dir='ltr'><strong>administret</strong></span> <span class='ocrx_word' id='word_1_128' title='bbox 942 1268 1329 1322; x_wconf 63' lang='grc' dir='ltr'><strong>1001111οη(11111111111</strong></span> <span class='ocrx_word' id='word_1_129' title='bbox 1370 1283 1464 1308; x_wconf 89' lang='lat' dir='ltr'><strong>nec.</strong></span> <span class='ocrx_word' id='word_1_130' title='bbox 1486 1269 1713 1321; x_wconf 88' lang='lat' dir='ltr'><strong>spernenda</strong></span> 
     </span>
     <span class='ocr_line' id='line_1_16' title="bbox 231 1328 1715 1394; baseline 0.003 -17"><span class='ocrx_word' id='word_1_131' title='bbox 231 1339 372 1387; x_wconf 82' lang='lat' dir='ltr'><strong>forma,</strong></span> <span class='ocrx_word' id='word_1_132' title='bbox 405 1353 526 1393; x_wconf 88' lang='lat' dir='ltr'><strong>quam</strong></span> <span class='ocrx_word' id='word_1_133' title='bbox 553 1331 767 1379; x_wconf 77' lang='lat' dir='ltr'><strong>L&#39;eidensis</strong></span> <span class='ocrx_word' id='word_1_134' title='bbox 796 1341 959 1394; x_wconf 89' lang='lat' dir='ltr'><strong>quidem</strong></span> <span class='ocrx_word' id='word_1_135' title='bbox 987 1341 1029 1379; x_wconf 90' lang='lat' dir='ltr'><strong>in</strong></span> <span class='ocrx_word' id='word_1_136' title='bbox 1057 1352 1104 1378; x_wconf 89' lang='lat' dir='ltr'><strong>eo</strong></span> <span class='ocrx_word' id='word_1_137' title='bbox 1133 1328 1322 1378; x_wconf 83' lang='lat' dir='ltr'><strong>lemmate</strong></span> <span class='ocrx_word' id='word_1_138' title='bbox 1346 1339 1469 1379; x_wconf 91' lang='lat' dir='ltr'><strong>Nonii</strong></span> <span class='ocrx_word' id='word_1_139' title='bbox 1497 1353 1536 1391; x_wconf 90' lang='lat' dir='ltr'><strong>p.</strong></span> <span class='ocrx_word' id='word_1_140' title='bbox 1562 1345 1640 1387; x_wconf 79' lang='lat'>126,</span> <span class='ocrx_word' id='word_1_141' title='bbox 1671 1346 1715 1381; x_wconf 89' lang='grc'><strong>10</strong></span> 
     </span>
     <span class='ocr_line' id='line_1_17' title="bbox 232 1400 1713 1465; baseline 0.002 -19"><span class='ocrx_word' id='word_1_142' title='bbox 232 1410 459 1449; x_wconf 75' lang='lat' dir='ltr'><strong>constantia</strong></span> <span class='ocrx_word' id='word_1_143' title='bbox 488 1410 645 1458; x_wconf 83' lang='lat' dir='ltr'><strong>suadet,</strong></span> <span class='ocrx_word' id='word_1_144' title='bbox 678 1415 867 1459; x_wconf 82' lang='lat' dir='ltr'><strong>ieientent,</strong></span> <span class='ocrx_word' id='word_1_145' title='bbox 896 1412 946 1451; x_wconf 90' lang='lat' dir='ltr'><strong>de</strong></span> <span class='ocrx_word' id='word_1_146' title='bbox 978 1425 1058 1465; x_wconf 88' lang='lat' dir='ltr'><strong>qua</strong></span> <span class='ocrx_word' id='word_1_147' title='bbox 1087 1409 1182 1449; x_wconf 89' lang='lat' dir='ltr'><strong>vide</strong></span> <span class='ocrx_word' id='word_1_148' title='bbox 1214 1400 1484 1449; x_wconf 69' lang='lat' dir='ltr'><strong>Ribbeckium</strong></span> <span class='ocrx_word' id='word_1_149' title='bbox 1510 1410 1561 1449; x_wconf 90' lang='lat' dir='ltr'><strong>ad</strong></span> <span class='ocrx_word' id='word_1_150' title='bbox 1593 1411 1713 1449; x_wconf 90' lang='lat' dir='ltr'><strong>comi-</strong></span> 
     </span>
     <span class='ocr_line' id='line_1_18' title="bbox 232 1467 1713 1536; baseline 0.001 -18"><span class='ocrx_word' id='word_1_151' title='bbox 232 1493 367 1519; x_wconf 87' lang='lat' dir='ltr'><strong>corum</strong></span> <span class='ocrx_word' id='word_1_152' title='bbox 396 1480 610 1520; x_wconf 85' lang='lat' dir='ltr'><strong>latinorum</strong></span> <span class='ocrx_word' id='word_1_153' title='bbox 640 1483 833 1536; x_wconf 84' lang='lat' dir='ltr'><strong>reliquias</strong></span> <span class='ocrx_word' id='word_1_154' title='bbox 861 1498 899 1535; x_wconf 89' lang='lat' dir='ltr'><strong>p.</strong></span> <span class='ocrx_word' id='word_1_155' title='bbox 935 1490 1011 1524; x_wconf 74' lang='lat'><strong>143.</strong></span> <span class='ocrx_word' id='word_1_156' title='bbox 1071 1482 1128 1521; x_wconf 85' lang='lat' dir='ltr'><strong>Ut</strong></span> <span class='ocrx_word' id='word_1_157' title='bbox 1157 1479 1286 1519; x_wconf 60' lang='lat' dir='ltr'><strong>ne&#39;ab</strong></span> <span class='ocrx_word' id='word_1_158' title='bbox 1316 1481 1392 1519; x_wconf 91' lang='lat' dir='ltr'><strong>hoc</strong></span> <span class='ocrx_word' id='word_1_159' title='bbox 1419 1476 1580 1534; x_wconf 84' lang='lat' dir='ltr'><strong>quidem</strong></span> <span class='ocrx_word' id='word_1_160' title='bbox 1606 1467 1713 1532; x_wconf 80' lang='lat' dir='ltr'><strong>frag—</strong></span> 
     </span>
    </p>
   </div>
   <div class='ocr_carea' id='block_1_5' title="bbox 215 1548 1715 1605">
    <p class='ocr_par' dir='ltr' id='par_1_5' title="bbox 215 1548 1771 1613">
     <span class='ocr_line' id='line_1_19' title="bbox 215 1548 1715 1605; baseline 0.002 -16"><span class='ocrx_word' id='word_1_161' title='bbox 215 1556 364 1590; x_wconf 58' lang='lat' dir='ltr'><strong>‘mento</strong></span> <span class='ocrx_word' id='word_1_162' title='bbox 404 1552 560 1590; x_wconf 86' lang='lat' dir='ltr'><strong>numeri</strong></span> <span class='ocrx_word' id='word_1_163' title='bbox 598 1551 750 1601; x_wconf 84' lang='lat' dir='ltr'><strong>absint,</strong></span> <span class='ocrx_word' id='word_1_164' title='bbox 788 1567 868 1592; x_wconf 91' lang='lat' dir='ltr'><strong>non</strong></span> <span class='ocrx_word' id='word_1_165' title='bbox 903 1554 1031 1605; x_wconf 86' lang='lat' dir='ltr'><strong>magis</strong></span> <span class='ocrx_word' id='word_1_166' title='bbox 1070 1565 1190 1605; x_wconf 88' lang='lat' dir='ltr'><strong>quam</strong></span> <span class='ocrx_word' id='word_1_167' title='bbox 1227 1565 1251 1591; x_wconf 88' lang='lat' dir='ltr'><strong>a</strong></span> <span class='ocrx_word' id='word_1_168' title='bbox 1285 1552 1426 1600; x_wconf 81' lang='lat' dir='ltr'><strong>tertio,</strong></span> <span class='ocrx_word' id='word_1_169' title='bbox 1466 1548 1574 1604; x_wconf 90' lang='lat' dir='ltr'><strong>quod</strong></span> <span class='ocrx_word' id='word_1_170' title='bbox 1607 1553 1715 1592; x_wconf 88' lang='lat' dir='ltr'><strong>idem</strong></span> 
     </span>
    </p>
   </div>
   <div class='ocr_carea' id='block_1_6' title="bbox 230 1620 1715 2310">
    <p class='ocr_par' dir='ltr' id='par_1_6' title="bbox 232 1620 993 1676">
     <span class='ocr_line' id='line_1_20' title="bbox 232 1620 993 1676; baseline 0.001 -16"><span class='ocrx_word' id='word_1_171' title='bbox 232 1620 433 1661; x_wconf 88' lang='lat' dir='ltr'><strong>Oehlerus</strong></span> <span class='ocrx_word' id='word_1_172' title='bbox 462 1622 713 1662; x_wconf 89' lang='lat' dir='ltr'><strong>emendando</strong></span> <span class='ocrx_word' id='word_1_173' title='bbox 741 1623 993 1676; x_wconf 86' lang='lat' dir='ltr'><strong>depravavit.</strong></span> 
     </span>
    </p>

    <p class='ocr_par' dir='ltr' id='par_1_7' title="bbox 230 1692 1715 2310">
     <span class='ocr_line' id='line_1_21' title="bbox 345 1692 1712 1746; baseline 0.002 -15"><span class='ocrx_word' id='word_1_174' title='bbox 345 1692 439 1732; x_wconf 82' lang='lat' dir='ltr'><strong>Sed·</strong></span> <span class='ocrx_word' id='word_1_175' title='bbox 457 1694 569 1732; x_wconf 87' lang='lat' dir='ltr'><strong>mitto</strong></span> <span class='ocrx_word' id='word_1_176' title='bbox 597 1708 702 1733; x_wconf 89' lang='lat' dir='ltr'><strong>nunc</strong></span> <span class='ocrx_word' id='word_1_177' title='bbox 730 1694 833 1733; x_wconf 90' lang='lat' dir='ltr'><strong>haec</strong></span> <span class='ocrx_word' id='word_1_178' title='bbox 867 1701 906 1733; x_wconf 89' lang='lat' dir='ltr'><strong>et</strong></span> <span class='ocrx_word' id='word_1_179' title='bbox 927 1695 1008 1734; x_wconf 88' lang='lat' dir='ltr'><strong>alia</strong></span> <span class='ocrx_word' id='word_1_180' title='bbox 1029 1693 1234 1746; x_wconf 88' lang='lat' dir='ltr'><strong>complura</strong></span> <span class='ocrx_word' id='word_1_181' title='bbox 1257 1695 1447 1746; x_wconf 88' lang='lat' dir='ltr'><strong>persequi</strong></span> <span class='ocrx_word' id='word_1_182' title='bbox 1472 1695 1712 1734; x_wconf 85' lang='lat' dir='ltr'><strong>accuratius.</strong></span> 
     </span>
     <span class='ocr_line' id='line_1_22' title="bbox 230 1756 1715 1814; baseline 0.001 -12"><span class='ocrx_word' id='word_1_183' title='bbox 230 1763 393 1802; x_wconf 88' lang='lat' dir='ltr'><strong>Etenim</strong></span> <span class='ocrx_word' id='word_1_184' title='bbox 419 1764 499 1801; x_wconf 87' lang='lat' dir='ltr'><strong>iam</strong></span> <span class='ocrx_word' id='word_1_185' title='bbox 525 1764 648 1803; x_wconf 88' lang='lat' dir='ltr'><strong>instat</strong></span> <span class='ocrx_word' id='word_1_186' title='bbox 678 1765 881 1804; x_wconf 83' lang='lat' dir='ltr'><strong>discessus</strong></span> <span class='ocrx_word' id='word_1_187' title='bbox 909 1756 970 1803; x_wconf 42' lang='lat' dir='ltr'><strong>ab*</strong></span> <span class='ocrx_word' id='word_1_188' title='bbox 988 1765 1065 1808; x_wconf 87' lang='lat' dir='ltr'><strong>hac</strong></span> <span class='ocrx_word' id='word_1_189' title='bbox 1097 1763 1196 1802; x_wconf 89' lang='lat' dir='ltr'><strong>urbe</strong></span> <span class='ocrx_word' id='word_1_190' title='bbox 1229 1770 1268 1803; x_wconf 89' lang='lat' dir='ltr'><strong>et</strong></span> <span class='ocrx_word' id='word_1_191' title='bbox 1297 1765 1561 1804; x_wconf 82' lang='lat' dir='ltr'><strong>universitate</strong></span> <span class='ocrx_word' id='word_1_192' title='bbox 1589 1767 1715 1814; x_wconf 62' lang='lat' dir='ltr'><strong>meus}</strong></span> 
     </span>
     <span class='ocr_line' id='line_1_23' title="bbox 233 1825 1714 1887; baseline 0.001 -15"><span class='ocrx_word' id='word_1_193' title='bbox 233 1838 378 1884; x_wconf 86' lang='lat' dir='ltr'><strong>urgent</strong></span> <span class='ocrx_word' id='word_1_194' title='bbox 407 1835 573 1885; x_wconf 87' lang='lat' dir='ltr'><strong>negotia</strong></span> <span class='ocrx_word' id='word_1_195' title='bbox 601 1835 760 1886; x_wconf 88' lang='lat' dir='ltr'><strong>longius</strong></span> <span class='ocrx_word' id='word_1_196' title='bbox 785 1850 808 1875; x_wconf 94' lang='lat' dir='ltr'><strong>a</strong></span> <span class='ocrx_word' id='word_1_197' title='bbox 830 1834 993 1887; x_wconf 85' lang='lat' dir='ltr'><strong>placida</strong></span> <span class='ocrx_word' id='word_1_198' title='bbox 1013 1825 1213 1872; x_wconf 86' lang='lat' dir='ltr'><strong>musarum</strong></span> <span class='ocrx_word' id='word_1_199' title='bbox 1235 1834 1525 1886; x_wconf 86' lang='lat' dir='ltr'><strong>tranquillitate</strong></span> <span class='ocrx_word' id='word_1_200' title='bbox 1547 1841 1714 1883; x_wconf 82' lang='lat' dir='ltr'><strong>remota,</strong></span> 
     </span>
     <span class='ocr_line' id='line_1_24' title="bbox 232 1897 1714 1957; baseline 0.001 -15"><span class='ocrx_word' id='word_1_201' title='bbox 232 1905 414 1943; x_wconf 87' lang='lat' dir='ltr'><strong>imminet</strong></span> <span class='ocrx_word' id='word_1_202' title='bbox 441 1918 502 1953; x_wconf 88' lang='lat' dir='ltr'><strong>ea,</strong></span> <span class='ocrx_word' id='word_1_203' title='bbox 534 1918 615 1957; x_wconf 90' lang='lat' dir='ltr'><strong>qua</strong></span> <span class='ocrx_word' id='word_1_204' title='bbox 643 1906 756 1944; x_wconf 88' lang='lat' dir='ltr'><strong>nulla</strong></span> <span class='ocrx_word' id='word_1_205' title='bbox 785 1905 969 1945; x_wconf 89' lang='lat' dir='ltr'><strong>acerbius</strong></span> <span class='ocrx_word' id='word_1_206' title='bbox 999 1906 1140 1942; x_wconf 85' lang='lat' dir='ltr'><strong>vexari</strong></span> <span class='ocrx_word' id='word_1_207' title='bbox 1165 1899 1395 1957; x_wconf 84' lang='lat' dir='ltr'><strong>philologus</strong></span> <span class='ocrx_word' id='word_1_208' title='bbox 1415 1897 1714 1957; x_wconf 38' lang='lat' dir='ltr'><strong>potestslibro-</strong></span> 
     </span>
     <span class='ocr_line' id='line_1_25' title="bbox 232 1975 1713 2028; baseline -0.001 -14"><span class='ocrx_word' id='word_1_209' title='bbox 232 1989 318 2014; x_wconf 86' lang='lat' dir='ltr'><strong>rum</strong></span> <span class='ocrx_word' id='word_1_210' title='bbox 354 1976 534 2028; x_wconf 87' lang='lat' dir='ltr'><strong>penuria.</strong></span> <span class='ocrx_word' id='word_1_211' title='bbox 594 1976 704 2026; x_wconf 87' lang='lat' dir='ltr'><strong>Ergo</strong></span> <span class='ocrx_word' id='word_1_212' title='bbox 733 1975 935 2023; x_wconf 87' lang='lat' dir='ltr'><strong>desinam,</strong></span> <span class='ocrx_word' id='word_1_213' title='bbox 967 1976 1069 2014; x_wconf 87' lang='lat' dir='ltr'><strong>alias</strong></span> <span class='ocrx_word' id='word_1_214' title='bbox 1096 1989 1184 2014; x_wconf 90' lang='lat' dir='ltr'><strong>cum</strong></span> <span class='ocrx_word' id='word_1_215' title='bbox 1211 1975 1413 2014; x_wconf 89' lang='lat' dir='ltr'><strong>videbitur</strong></span> <span class='ocrx_word' id='word_1_216' title='bbox 1443 1975 1496 2013; x_wconf 88' lang='lat' dir='ltr'><strong>ad</strong></span> <span class='ocrx_word' id='word_1_217' title='bbox 1520 1975 1627 2013; x_wconf 86' lang='lat' dir='ltr'><strong>hunc</strong></span> <span class='ocrx_word' id='word_1_218' title='bbox 1656 1975 1713 2013; x_wconf 89' lang='lat' dir='ltr'><strong>lo-</strong></span> 
     </span>
     <span class='ocr_line' id='line_1_26' title="bbox 233 2039 1715 2097; baseline 0.001 -13"><span class='ocrx_word' id='word_1_219' title='bbox 233 2059 322 2085; x_wconf 87' lang='lat' dir='ltr'><strong>cum</strong></span> <span class='ocrx_word' id='word_1_220' title='bbox 345 2047 565 2086; x_wconf 89' lang='lat' dir='ltr'><strong>rediturus:</strong></span> <span class='ocrx_word' id='word_1_221' title='bbox 599 2045 783 2085; x_wconf 90' lang='lat' dir='ltr'><strong>desinam</strong></span> <span class='ocrx_word' id='word_1_222' title='bbox 810 2053 943 2086; x_wconf 88' lang='lat' dir='ltr'><strong>autem</strong></span> <span class='ocrx_word' id='word_1_223' title='bbox 968 2048 1039 2095; x_wconf 84' lang='lat' dir='ltr'><strong>ita,</strong></span> <span class='ocrx_word' id='word_1_224' title='bbox 1070 2051 1114 2085; x_wconf 89' lang='lat' dir='ltr'><strong>ut</strong></span> <span class='ocrx_word' id='word_1_225' title='bbox 1140 2046 1339 2097; x_wconf 83' lang='lat' dir='ltr'><strong>insignem</strong></span> <span class='ocrx_word' id='word_1_226' title='bbox 1361 2051 1443 2083; x_wconf 90' lang='lat' dir='ltr'><strong>tam</strong></span> <span class='ocrx_word' id='word_1_227' title='bbox 1470 2039 1715 2096; x_wconf 76' lang='lat' dir='ltr'><strong>collegarum</strong></span> 
     </span>
     <span class='ocr_line' id='line_1_27' title="bbox 233 2116 1712 2176; baseline -0.003 -19"><span class='ocrx_word' id='word_1_228' title='bbox 233 2132 353 2172; x_wconf 86' lang='lat' dir='ltr'><strong>quam</strong></span> <span class='ocrx_word' id='word_1_229' title='bbox 393 2118 560 2163; x_wconf 87' lang='lat' dir='ltr'><strong>aliorum</strong></span> <span class='ocrx_word' id='word_1_230' title='bbox 597 2131 763 2169; x_wconf 89' lang='lat' dir='ltr'><strong>quorum</strong></span> <span class='ocrx_word' id='word_1_231' title='bbox 802 2119 841 2156; x_wconf 93' lang='grc'><strong>111</strong></span> <span class='ocrx_word' id='word_1_232' title='bbox 871 2119 1054 2176; x_wconf 80' lang='lat' dir='ltr'><strong>notitiam</strong></span> <span class='ocrx_word' id='word_1_233' title='bbox 1082 2118 1177 2157; x_wconf 91' lang='lat' dir='ltr'><strong>veni</strong></span> <span class='ocrx_word' id='word_1_234' title='bbox 1204 2117 1382 2155; x_wconf 88' lang='lat' dir='ltr'><strong>virorum</strong></span> <span class='ocrx_word' id='word_1_235' title='bbox 1411 2116 1712 2170; x_wconf 79' lang='lat' dir='ltr'><strong>humanitatem,</strong></span> 
     </span>
     <span class='ocr_line' id='line_1_28' title="bbox 232 2184 1715 2247; baseline -0.001 -20"><span class='ocrx_word' id='word_1_236' title='bbox 232 2188 570 2234; x_wconf 86' lang='lat' dir='ltr'><strong>benevolentiam,</strong></span> <span class='ocrx_word' id='word_1_237' title='bbox 604 2187 846 2238; x_wconf 85' lang='lat' dir='ltr'><strong>co&#39;mitatem,</strong></span> <span class='ocrx_word' id='word_1_238' title='bbox 880 2191 960 2241; x_wconf 85' lang='lat' dir='ltr'><strong>qua</strong></span> <span class='ocrx_word' id='word_1_239' title='bbox 989 2188 1067 2226; x_wconf 90' lang='lat' dir='ltr'><strong>frui</strong></span> <span class='ocrx_word' id='word_1_240' title='bbox 1095 2202 1168 2240; x_wconf 89' lang='lat' dir='ltr'><strong>per</strong></span> <span class='ocrx_word' id='word_1_241' title='bbox 1196 2187 1270 2247; x_wconf 76' lang='grc'><strong>1100</strong></span> <span class='ocrx_word' id='word_1_242' title='bbox 1302 2184 1585 2237; x_wconf 77' lang='lat' dir='ltr'><strong>duodeviginti·</strong></span> <span class='ocrx_word' id='word_1_243' title='bbox 1607 2199 1715 2226; x_wconf 87' lang='lat' dir='ltr'><strong>men-</strong></span> 
     </span>
     <span class='ocr_line' id='line_1_29' title="bbox 234 2257 1583 2310; baseline 0 -13"><span class='ocrx_word' id='word_1_244' title='bbox 234 2273 299 2297; x_wconf 87' lang='lat' dir='ltr'><strong>ses</strong></span> <span class='ocrx_word' id='word_1_245' title='bbox 330 2260 519 2309; x_wconf 87' lang='lat' dir='ltr'><strong>contigit,</strong></span> <span class='ocrx_word' id='word_1_246' title='bbox 554 2272 644 2297; x_wconf 91' lang='lat' dir='ltr'><strong>cum</strong></span> <span class='ocrx_word' id='word_1_247' title='bbox 671 2259 889 2310; x_wconf 87' lang='lat' dir='ltr'><strong>gratissimi</strong></span> <span class='ocrx_word' id='word_1_248' title='bbox 917 2260 1038 2298; x_wconf 89' lang='lat' dir='ltr'><strong>animi</strong></span> <span class='ocrx_word' id='word_1_249' title='bbox 1070 2258 1364 2310; x_wconf 86' lang='lat' dir='ltr'><strong>significatione</strong></span> <span class='ocrx_word' id='word_1_250' title='bbox 1393 2257 1583 2297; x_wconf 87' lang='lat' dir='ltr'><strong>recolam.</strong></span> 
     </span>
    </p>
   </div>
   <div class='ocr_carea' id='block_1_7' title="bbox 235 2327 1718 2460">
    <p class='ocr_par' dir='ltr' id='par_1_8' title="bbox 235 2327 1718 2460">
     <span class='ocr_line' id='line_1_30' title="bbox 294 2327 1718 2370; baseline -0.001 -4"><span class='ocrx_word' id='word_1_251' title='bbox 294 2344 295 2347; x_wconf 47' lang='lat'>¹</span> <span class='ocrx_word' id='word_1_252' title='bbox 349 2328 585 2367; x_wconf 75' lang='lat' dir='ltr'><strong>scribebam</strong></span> <span class='ocrx_word' id='word_1_253' title='bbox 614 2330 656 2368; x_wconf 90' lang='lat' dir='ltr'><strong>in</strong></span> <span class='ocrx_word' id='word_1_254' title='bbox 684 2331 950 2370; x_wconf 85' lang='lat' dir='ltr'><strong>universitate</strong></span> <span class='ocrx_word' id='word_1_255' title='bbox 969 2329 1284 2370; x_wconf 80' lang='lat' dir='ltr'><strong>Vratislaviensi</strong></span> <span class='ocrx_word' id='word_1_256' title='bbox 1315 2328 1379 2366; x_wconf 90' lang='lat' dir='ltr'><strong>die</strong></span> <span class='ocrx_word' id='word_1_257' title='bbox 1401 2328 1483 2367; x_wconf 93' lang='lat' dir='ltr'><strong>XV</strong></span> <span class='ocrx_word' id='word_1_258' title='bbox 1506 2341 1558 2365; x_wconf 91' lang='lat' dir='ltr'><strong>m.</strong></span> <span class='ocrx_word' id='word_1_259' title='bbox 1582 2327 1718 2366; x_wconf 90' lang='lat' dir='ltr'><strong>Martii</strong></span> 
     </span>
     <span class='ocr_line' id='line_1_31' title="bbox 235 2400 649 2460; baseline -0.002 -21"><span class='ocrx_word' id='word_1_260' title='bbox 235 2414 272 2439; x_wconf 87' lang='lat' dir='ltr'><strong>a.</strong></span> <span class='ocrx_word' id='word_1_261' title='bbox 300 2400 649 2460; x_wconf 77' lang='lat' dir='ltr'><strong>MDOCOLVIH.</strong></span> 
     </span>
    </p>
   </div>
  </div>
 </body>
</html>
