1898 3236
292 248 374 291 206
865 251 1204 284 comuc'rANEA.

291 363 534 400 mentionem
566 359 717 397 factam
751 358 896 396 fuisse:
951 363 991 396 et
1025 363 1161 396 tamen
1206 348 1387 410 scripsit<
1406 358 1536 398 Varro
1572 358 1774 410 propriam

291 438 469 471 saturam
499 427 589 480 περὶ
619 426 747 479 μέθης
777 433 861 476 (Esr
887 432 1006 465 Monus
1030 433 1190 466 Munna
1215 432 1308 464 Περι
1331 431 1484 477 Μεθιιο),
1518 435 1558 467 et
1586 428 1628 467 in
1649 432 1774 473 Momo,

292 504 405 542 cuius
444 501 503 539 rei
529 498 650 538 hodie
679 498 720 536 in
750 498 932 552 reliquiis
963 499 1187 538 certissima
1215 498 1391 550 vestigia
1421 504 1580 547 extant,
1612 504 1693 537 tam
1719 499 1773 536 ci-

290 574 430 612 borum
485 570 684 610 luxuriem
728 582 846 621 quam
890 570 1097 608 licentiam
1142 570 1481 621 compotationum
1525 569 1773 621 perstrinxit.

292 645 356 684 Cf.
385 659 428 697 p.
455 650 511 685 33.
571 641 717 692 Itaque
756 649 945 691 apparet,
986 640 1083 692 quid
1122 640 1193 678 illa
1230 641 1417 692 cognatio
1456 640 1680 690 argumenti
1721 638 1774 677 ad

291 714 539 767 copulandos
584 711 720 750 titulos
758 711 910 750 valeat.
976 711 1060 749 Sed
1099 725 1150 749 ne
1192 713 1435 751 conveniunt
1471 711 1634 764 quidem
1671 711 1775 749 inter

291 800 334 824 sc
367 784 668 835 conglutinatae
695 781 794 821 inae
823 782 1095 834 inscriptionis
1123 787 1274 834 partes,
1302 795 1377 820 nec
1407 783 1464 821 ita
1492 783 1654 821 iunctae
1675 795 1772 834 qua—

292 857 409 895 drant
438 856 479 894 in
510 860 687 893 saturam
718 852 878 905 qualem
907 866 929 890 e
963 852 1085 892 Gellii
1109 852 1267 891 indiciis
1291 853 1421 891 animo
1442 853 1660 892 informare
1680 866 1773 905 pos-

290 941 438 966 sumus.
483 923 583 977 Περὶ
613 916 831 973 ἐδεσμάτων
858 923 1022 962 inscribi
1054 930 1229 972 saturae,
1258 924 1299 962 in
1330 938 1409 976 qua
1441 926 1567 964 omnis
1598 921 1773 964 convivii

291 998 422 1036 cultus
459 995 702 1046 habitusque
741 992 1002 1043 exigebatur,
1048 1007 1099 1032 ne
1137 999 1220 1032 tum
1259 994 1421 1046 quidem
1452 993 1663 1046 probabile
1697 998 1770 1040 est,

290 1069 324 1106 si
354 1068 506 1120 primae
544 1077 710 1103 mensae
749 1065 950 1103 enarratio
982 1071 1021 1103 et
1052 1065 1296 1103 enumeratio
1329 1065 1507 1103 edulium
1535 1064 1772 1103 latissimum

290 1137 572 1190 disputationis
602 1135 774 1187 spatium
806 1135 1051 1185 expleverit:
1079 1135 1196 1186 quasi
1225 1135 1418 1183 Varroni,
1449 1135 1771 1185 ingeniosissimo

288 1207 495 1246 titulorum
522 1206 684 1254 artifici,
716 1219 799 1244 non
828 1205 868 1243 in
904 1210 1091 1257 promptu
1120 1205 1264 1244 fuisset
1294 1206 1361 1244 vel
1389 1203 1478 1258 περὶ
1508 1203 1678 1243 δείπνων
1704 1204 1774 1242 vel

289 1275 379 1326 περὶ
420 1276 647 1328 συμποσίων
697 1276 985 1315 convenienter
1032 1281 1266 1327 argumento
1314 1275 1495 1315 indicem·
1532 1275 1770 1327 praefigere.

289 1348 450 1387 Deinde
495 1347 591 1401 quid
630 1346 887 1400 proverbium
935 1348 1070 1385 Nescis
1113 1349 1205 1396 quid
1247 1358 1382 1396 vesper
1418 1358 1529 1384 serus
1571 1347 1682 1384 vehat
1719 1344 1773 1383 ad

290 1417 503 1470 ἕδέσματαῖ
552 1419 761 1457 Persensit
791 1417 953 1470 quidem
982 1418 1023 1456 in
1046 1431 1095 1456 ea
1116 1431 1158 1457 re
1181 1417 1277 1470 quid
1296 1418 1470 1469 positum
1491 1421 1601 1455 esset
1619 1417 1770 1454 incom-

288 1489 396 1528 modi
424 1489 696 1536 Merckfinus,
731 1490 799 1542 qui
830 1503 918 1528 eam
949 1489 1234 1528 obscuritatem
1266 1489 1434 1527 aliarum
1466 1486 1772 1538 inscriptionum

288 1560 466 1599 tenebris
502 1560 750 1598 vindicatum
787 1560 877 1598 ivit.»
932 1559 988 1598 At
1022 1573 1112 1598 cum
1146 1559 1369 1598 obscuritas
1395 1557 1595 1611 quaedam
1626 1556 1677 1594 de
1706 1569 1769 1594 ra-

288 1631 396 1668 tione
433 1632 605 1683 partium
646 1631 920 1683 inscriptionis
966 1631 1007 1668 in
1045 1631 1198 1678 titulis,
1246 1642 1412 1682 quorum
1449 1627 1591 1667 ambae
1632 1633 1794 1679 partes.

290 1701 533 1738 coniunctim
569 1701 802 1748 traduntur,
843 1714 923 1739 non
962 1714 1009 1738 eo
1048 1714 1121 1739 nos
1153 1699 1354 1738 adducere
1386 1698 1554 1747 debeat,
1593 1703 1638 1736 ut
1669 1710 1770 1749 quas

288 1784 394 1809 nunc
429 1784 500 1822 pro
545 1770 681 1809 lacero
721 1777 944 1809 saturarum
984 1778 1091 1809 statu
1128 1785 1208 1809 non
1245 1770 1366 1822 plene
1403 1769 1672 1821 percipiamus
1710 1768 1768 1805 in-

287 1854 385 1878 sano
417 1839 548 1878 studio
580 1840 833 1889 divellamus‚
865 1847 1000 1879 tamen
1032 1854 1082 1879 ex
1115 1841 1244 1879 altera
1271 1845 1400 1891 parte,
1430 1840 1508 1878 nisi
1539 1840 1770 1878 coniectura

289 1910 466 1962 copulati
488 1911 642 1950 indices
664 1911 786 1949 facile
814 1924 861 1949 ac
883 1910 1089 1949 commode
1113 1916 1269 1956 coeant,
1292 1924 1432 1962 parum
1454 1911 1607 1949 consuli
1632 1923 1768 1949 earum

287 1967 549 2032 suspitionum
579 1981 853 2034 probabilitati
882 1986 1065 2033 apertum
1096 1986 1167 2019 est.
1228 1981 1330 2020 Sunt
1355 1994 1453 2019 vero
1484 1982 1523 2019 in
1543 1982 1621 2020 hac
1646 1994 1769 2020 causa

287 2064 438 2101 genera
461 2052 776 2105 ,inscriptionum
816 2051 1104 2091 discernenda:
1149 2057 1194 2090 ut
1230 2065 1347 2090 nemo
1376 2052 1474 2090 mihi
1499 2065 1606 2090 nunc
1636 2065 1767 2090 meam

288 2122 559 2173 opinationem
598 2124 647 2163 de
683 2126 813 2163 Manio
840 2121 929 2175 περὶ
964 2122 1155 2172 σωτηρίας
1185 2122 1366 2171 obiiciat,
1401 2123 1512 2161 cuius
1539 2129 1674 2162 tamen
1703 2136 1766 2170 ra-

287 2193 437 2231 tionem
467 2194 642 2247 aliquam
679 2195 970 2234 coniunctionis
1004 2192 1193 2231 indicavi.
1254 2192 1322 2231 Sic
1353 2205 1427 2243 ego
1459 2207 1547 2232 cum
1576 2206 1645 2232 eos
1674 2194 1767 2231 titu-

286 2263 367 2311 los,
410 2265 452 2302 in
490 2265 633 2318 quibus
678 2267 903 2317 argumenti
938 2265 1087 2304 indicio
1114 2265 1378 2316 praemissum
1408 2270 1470 2303 est
1498 2258 1766 2316 proverbium,

286 2347 487 2385 percurro,
518 2335 660 2375 videor
688 2337 786 2375 mihi
816 2338 993 2375 rationes
1025 2336 1198 2373 omnium
1228 2334 1427 2386 dispicere
1456 2340 1619 2387 praeter
1646 2347 1768 2372 unum

277 2396 432 2453 ’Ἁμμον
463 2408 614 2456 μετρεῑς
637 2404 724 2457 περὶ
747 2407 1030 2458 φιλαργυρίας,
1065 2420 1143 2458 quo
1183 2406 1217 2443 si
1255 2406 1343 2457 quis
1370 2406 1484 2444 illum
1515 2407 1649 2443 Nescis
1677 2405 1771 2452 quid

285 2486 420 2522 vesper
463 2487 574 2513 serus
617 2478 727 2514 vehat
772 2475 862 2528 περὶ
898 2471 1116 2528 ἐδεσμάτων
1152 2477 1311 2514 firmare
1348 2477 1467 2523 velit,
1512 2475 1650 2527 videat
1688 2488 1766 2527 quo

285 2545 371 2582 iure
427 2546 731 2597 improbabilem
785 2548 1057 2599 opinationem
1115 2534 1226 2585 irrita
1284 2546 1531 2584 correctione
1584 2550 1765 2583 tueatur:

287 2629 367 2667 qua
403 2615 453 2653 de
483 2629 526 2653 re
556 2616 687 2655 dicam
723 2619 841 2656 infra.
901 2617 1167 2657 Proverbium
1196 2620 1319 2655 nescis
1351 2630 1384 2654 e.
1415 2629 1453 2668 q.
1486 2629 1517 2655 s.
1547 2615 1600 2654 ad
1630 2613 1765 2654 convi-

276 2686 394 2723 vium
428 2686 686 2747 referendum
719 2701 830 2736 esse,
878 2701 943 2726 res
979 2689 1069 2739 ipsa
1106 2687 1257 2726 indicat
1291 2701 1338 2726 ac
1380 2700 1493 2726 suam
1527 2686 1660 2725 lucem
1694 2685 1788 2724 hav

285 2755 354 2793 bet
388 2770 409 2794 e
452 2756 574 2795 Gellii
613 2758 664 2796 de
703 2759 788 2797 eius
823 2764 984 2797 saturae
1019 2764 1252 2809 argumento
1295 2758 1473 2796 indiciis:
1519 2769 1664 2807 nempe
1699 2768 1763 2792 ca-

286 2832 405 2865 vetur
431 2827 522 2874 illo,
549 2841 600 2865 ne
627 2828 722 2880 quid
751 2842 841 2868 sero
870 2830 1032 2880 vesperi
1063 2843 1113 2868 ex
1141 2828 1324 2868 convivio
1357 2829 1443 2867 sive
1471 2841 1544 2878 per
1573 2825 1764 2864 convivas

287 2898 372 2935 sive
408 2898 541 2936 locum
578 2898 663 2936 sive
703 2904 861 2950 tempus
891 2899 976 2937 sive
1007 2899 1137 2950 ipsum
1168 2903 1403 2950 apparatum
1432 2897 1537 2935 male
1565 2895 1763 2934 collocato
