1898 3236
798 252 1143 286 commertium.
1641 229 1721 283 133

228 366 350 406 subiit
377 364 582 416 cogitatio,
614 362 792 402 Nonium
823 375 904 399 non
932 361 1132 410 integram
1151 357 1396 396 sententiam
1415 356 1613 404 attulisse,
1646 356 1720 395 sed

229 437 453 477 desiderari
490 434 600 488 quod
634 433 714 472 illis
744 436 826 471 sine
853 434 940 470 ulla·
961 432 1077 468 Musa
1106 427 1395 480 responderet,
1430 426 1555 479 idque
1588 427 1720 479 ipsum

228 510 356 547 fuisse
396 521 447 546 ex
482 506 615 546 Ennio
655 509 868 555 sumptum.
927 502 1073 553 Itaque
1103 499 1355 538 sicsdemum
1384 498 1528 537 videor
1558 497 1719 536 concin-

228 581 396 619 nitatem
434 577 663 617 sententiae
701 586 919 627 reparare:
962 573 1054 610 Cum
1079 571 1283 618 Quintipor
1313 571 1467 608 Clodius
1497 574 1551 607 tot
1576 580 1721 606 comoe-

228 655 313 690 dias
349 654 431 689 sine
469 651 547 687 ulla
581 649 723 697 fecerit
758 646 893 690 Musa,
931 655 999 692 eqo
1035 654 1153 679 unum
1182 643 1345 679 libellum
1376 654 1451 679 non
1480 644 1642 687 edolem,
1682 646 1724 679 uc

229 725 284 760 ait
315 723 485 767 Ennius,
525 721 759 758 ‘volentibus
793 729 878 754 cum
908 717 1057 763 magmis
1089 712 1202 750 dis’?
1261 713 1416 751 Extant
1446 725 1497 751 ea
1521 710 1650 769 verba
1679 712 1721 749 in

229 792 352 832 Ennii
390 790 604 830 annalibus
636 805 676 829 v.
706 793 796 835 207,
840 798 1083 839 quamquam
1112 791 1304 837 poterant
1333 784 1455 823 etiam
1484 772 1567 822 alia
1599 782 1723 842 Ennii

229 863 378 910 verba,
414 861 530 902 nobis
568 875 649 900 non
678 854 870 905 servatas
901 856 975 895 sed
1006 869 1110 908 quae
1140 856 1311 895 similem
1337 855 1580 895 sententiam
1608 853 1724 891 effer-

230 941 339 983 rent,
370 933 427 972 ibi
452 934 588 972 locum
614 930 781 970 habere.
843 926 1133 967 Citataverba
1162 926 1270 979 quod
1299 931 1392 978 post
1417 915 1625 964 auctorem
1652 936 1723 974 po-

230 1012 391 1054 nnntur,
419 1004 544 1044 habet
573 1002 615 1041 id
646 1002 708 1040 sui
734 1000 883 1039 similia
907 1000 949 1037 in
972 999 1035 1037 his
1057 997 1262 1049 reliquiis:
1296 998 1355 1035 sic
1387 998 1429 1035 in
1456 1002 1725 1033 ΑκονωποποΛι

231 1079 280 1116 fr.
311 1083 352 1118 6:
385 1089 460 1114 non
491 1077 598 1113 modo
632 1076 756 1111 vinum
782 1075 890 1120 dare,
929 1073 998 1109 secl
1026 1073 1151 1115 etiam,
1183 1075 1225 1107 ut
1251 1071 1417 1108 Plautus
1446 1072 1519 1115 ait,
1559 1070 1726 1106 ‘murri-

231 1162 341 1193 nam,
369 1159 542 1195 passum,
573 1145 794 1193 defrutum’
826 1148 866 1181 et
895 1143 937 1180 in
966 1147 1081 1189 ΤᾸφΗι
1106 1146 1301 1179 Μεηιππογ
1332 1126 1381 1179 fr.
1412 1147 1434 1181 6
1464 1143 1611 1179 domnis
1635 1152 1726 1188 pos-

231 1222 339 1264 ticae,
372 1223 411 1255 ut
437 1221 490 1255 ait
515 1219 691 1261 Plautus,
722 1214 1041 1263 ‘penitissuma’
1092 1213 1157 1252 Of.
1190 1218 1396 1250 Eumsmnum
1427 1211 1476 1252 fr.
1506 1219 1541 1254 3.
1588 1211 1726 1264 Atque

231 1288 436 1341 praesidio
474 1301 565 1326 esse
602 1287 696 1325 huic
733 1284 947 1336 suspitioni
983 1290 1119 1337 potest
1156 1285 1204 1322 fr.
1235 1284 1299 1322 II:
1338 1284 1379 1321 in
1412 1297 1490 1335 quo
1523 1269 1727 1333 Oelilerus

232 1362 326 1408 divi,
373 1358 479 1411 quod
519 1357 668 1409 optime
703 1355 837 1393 locum
864 1354 1009 1410 habet,
1049 1356 1310 1394 commutavit
1346 1355 1570 1407 speciosius
1607 1368 1727 1407 quam
1763 1385 1765 1387 -

232 1430 368 1469 verius
401 1443 490 1467 cum
518 1431 612 1466 civi:
641 1426 771 1465 voluit
802 1427 907 1465 enim
936 1426 1046 1465 haud
1075 1427 1217 1466 dubie:
1251 1429 1343 1464 mihi
1370 1429 1445 1465 civi
1455 1431 1617 1474 partum
1632 1430 1727 1475 poi?-

233 1505 344 1547 ticon,
373 1506 417 1538 ut
446 1501 608 1552 saepius
638 1497 785 1536 dicitur
813 1501 916 1536 ciere
942 1505 1113 1547 partum.
1175 1499 1302 1537 Immo
1323 1498 1604 1550 imperfectam
1635 1511 1725 1536 sen-

234 1572 402 1610 tentiam
430 1570 587 1609 Nonius
621 1569 678 1621 (p.
705 1575 782 1617 168,
808 1568 883 1621 13),
909 1574 953 1607 ut
983 1570 1161 1621 saepius,
1194 1569 1374 1618 tradidit,
1406 1583 1527 1623 quam
1556 1571 1615 1608 sic
1639 1570 1726 1608 fere

236 1642 448 1694 suppleas:
488 1643 653 1690 mihique
682 1643 771 1686 divi,
802 1643 891 1678 dum
921 1653 1041 1689 scapo
1067 1644 1182 1680 inlevi
1208 1655 1340 1680 novom
1359 1647 1519 1690 parcum
1534 1644 1726 1691 Ροέἰίσοη,

235 1715 502 1771 αᾷερίναναηί.
564 1711 682 1763 Quae
713 1711 847 1750 media
868 1718 959 1750 sunt
991 1711 1215 1765 depravate
1245 1712 1478 1751 traduntur:
1506 1716 1644 1762 papiri
1661 1726 1726 1750 no-

234 1786 323 1822 levii
362 1795 501 1831 scapos
537 1786 678 1831 capitio
715 1797 809 1822 novo
833 1787 1172 1840 partutpoffticon.
1231 1785 1282 1823 In
1312 1783 1456 1837 quibus
1492 1797 1614 1822 unum
1644 1784 1725 1822 Ro-

236 1855 343 1894 thius
380 1855 549 1907 pulchre
592 1854 785 1893 restituit:
834 1857 967 1902 inlevi,
1011 1861 1055 1893 ut
1091 1856 1287 1895 Horatius
1317 1857 1359 1894 in
1392 1856 1539 1894 saturis
1568 1856 1590 1894 I
1619 1861 1654 1903 4,
1684 1861 1729 1897 36

236 1930 500 1976 quodcumque
534 1929 650 1969 semel
685 1927 832 1964 chartis
866 1928 1050 1964 inleverit.
1110 1927 1206 1965 Fuit
1243 1933 1378 1965 autem
1413 1926 1520 1978 apud
1552 1928 1728 1966 Nonium

235 1998 458 2051 antiquitus
482 1998 540 2036 ita
560 1997 774 2048 scriptum:
799 1999 1204 2046 papirinleuiiscupos‚
1236 2003 1279 2035 ut
1301 1996 1474 2049 duplicis
1497 2001 1511 2035 i
1530 1985 1730 2050 scriptura

237 2066 293 2108 ab
315 2068 565 2122 insequentis
597 2079 736 2116 scapos
763 2067 877 2105 initio
907 2073 1127 2119 repetatur.
1164 2069 1250 2106 Iam
1283 2067 1499 2120 dupliciter
1528 2074 1729 2106 structura

174 2147 178 2150 ⁴
236 2147 344 2180 stare
374 2146 521 2193 potest,
554 2144 624 2176 aut
653 2150 792 2187 scapos
819 2141 934 2176 inlem'
959 2151 1055 2176 novo
1076 2145 1199 2186 partu
1218 2141 1379 2187 poetico,
1411 2144 1451 2177 et
1484 2139 1541 2176 sic
1581 2142 1729 2187 poetico

237 2212 330 2250 olim
360 2211 467 2250 Iunii
498 2216 539 2249 et
567 2210 674 2248 aliae
705 2209 919 2257 editiones,
955 2216 1023 2247 aut
1044 2221 1163 2258 scapo
1185 2211 1299 2246 inlevi
1322 2198 1418 2266 ηουῇ
1454 2201 1578 2258 parti]
1606 2213 1728 2259 poeti-

221 2268 330 2330 (con,
362 2287 407 2319 ut
437 2280 582 2319 eadem
613 2280 664 2317 sit
692 2279 795 2317 haec
826 2293 933 2332 quae
962 2279 1069 2332 apud
1090 2264 1305 2318 Horatium
1334 2286 1556 2320 structura:
1588 2287 1630 2320 et
1649 2281 1728 2320 hoc

238 2358 448 2406 praestare
487 2349 772 2402 probabilitate
811 2348 984 2388 arbitror
1017 2356 1184 2403 propter
1214 2353 1413 2399 poeticen,
1453 2351 1561 2405 quod
1593 2359 1655 2391 est
1688 2353 1728 2391 in

238 2424 366 2462 libris.
426 2422 571 2460 Restat
600 2420 894 2460 incommodum
925 2424 1086 2470 capilio,
1127 2435 1149 2459 e
1184 2435 1263 2473 quo
1296 2421 1403 2473 quod
1433 2422 1635 2462 Oehlerus
1663 2437 1728 2461 ca-

234 2498 329 2543 pitis
358 2492 538 2540 effinxit,
579 2492 718 2542 nescio
737 2487 870 2544 *quam
896 2491 973 2529 hoc
998 2492 1174 2530 ieiunum
1200 2493 1251 2530 sit
1284 2493 1398 2532 iuxta
1424 2500 1582 2543 partum
1606 2498 1729 2543 poeti-

239 2579 321 2604 con.
380 2564 471 2602 Nec
500 2562 595 2601 mihi
614 2563 774 2603 ‚certior
803 2562 1031 2601 emendatio
1061 2565 1260 2616 suppetit:
1290 2571 1426 2604 tamen
1454 2565 1598 2612 dicam,
1630 2565 1728 2618 quid

239 2637 282 2674 in
321 2639 495 2672 mentem
528 2627 707 2673 venerit:
754 2634 939 2686 suspicor
983 2634 1089 2672 enim
1123 2634 1226 2674 haec
1264 2651 1370 2689 quae
1404 2642 1497 2675 sunt
1534 2637 1575 2674 in
1613 2635 1727 2674 libris

240 2718 379 2754 scapos
407 2707 549 2754 capitio
583 2705 642 2743 sic
671 2705 806 2757 potius
838 2705 1121 2755 coniungenda
1149 2720 1258 2745 esse:
1287 2719 1406 2756 scapo
1435 2710 1608 2755 scapitio,
1641 2720 1730 2764 eam

168 2817 174 2821 ,
242 2790 340 2815 vero
374 2775 685 2826 dittographiam
718 2788 809 2814 esse
839 2774 1034 2826 simplicis
1065 2768 1145 2815 non
1173 2781 1344 2827 scapitii,
1382 2777 1489 2830 quod
1523 2777 1622 2815 nihil
1653 2783 1728 2825 est,

245 2847 318 2886 sed
344 2849 497 2896 scapula·
526 2845 793 2892 deminutivi,
820 2847 931 2898 quaev
953 2846 1126 2885 Varroni
1164 2848 1205 2886 in
1233 2847 1391 2886 deliciis
1423 2861 1512 2886 esse
1541 2848 1727 2887 vidimus.

244 2920 390 2971 Itaque
420 2918 480 2956 sic
502 2915 586 2968 legi
618 2922 728 2956 certe
759 2917 847 2956 sine
877 2916 1101 2958 offensione
1129 2906 1397 2970 fragmentum
1426 2924 1581 2972 potest:
