1898 3236
706 260 1048 293 COMECTANEA.
1242 275 1244 278 -
1544 250 1621 291 171

138 370 313 424 supplex
341 369 554 409 Minervae
585 368 744 420 signum
773 366 1098 419 amplexaretur,
1129 365 1281 404 Furiae
1312 364 1456 415 fugare
1486 364 1623 416 in'cep-

138 447 244 491 tant,
282 441 330 480 fr.
357 447 403 483 39
432 438 714 478 admonemur:
752 440 817 476 ubi
845 440 973 476 vident
1000 449 1041 476 se
1074 438 1266 474 cantando
1294 448 1347 474 ex
1377 448 1450 473 ara
1479 447 1624 474 excan-

140 519 225 552 tare
245 525 320 551 non
346 523 474 561 posse,
506 513 683 559 deripere
712 511 922 559 incipz‘unt:
954 507 1062 562 quod
1090 507 1228 561 nescio
1260 520 1382 559 quem
1401 507 1442 544 in
1468 519 1540 545 ara
1560 506 1627 545 dei

140 584 297 624 deaeve
327 582 571 634 supplicem,
610 586 653 619 ut
684 579 865 625 videtur,
903 578 1159 618 adsidentem
1189 583 1230 617 et
1257 591 1284 634 ’a
1313 579 1452 616 nescio
1481 579 1627 630 quibus

140 654 351 706 dereptum
389 651 602 704 significat.
661 651 856 704 Denique
885 656 930 689 ut
961 649 1128 690 Orestes
1156 647 1499 700 Areopagitarum
1523 648 1628 687 iudi-

141 727 203 765 cio
230 724 427 764 liberatus
454 721 648 769 traditur,
675 722 732 759 ita
757 721 807 761 de
840 735 887 761 eo
917 733 1100 774 quoque,
1141 732 1261 773 quem
1292 719 1422 759 Varro
1452 718 1650 767 induxit,

140 798 282 836 insano
330 795 535 834 sententia
582 792 759 832 iudicum
805 792 1056 831 decernitur:
1098 792 1146 831 fr.
1181 796 1228 831 44
1271 793 1463 829 Forenses
1496 793 1627 829 decer-

140 874 253 914 nunt,
284 872 326 906 uc
355 868 600 904 Existimatio
630 876 767 904 nomen
797 875 920 901 meum
949 866 988 902 in
1018 876 1202 902 sanorum
1232 873 1433 901 numerum
1462 863 1627 910 referat.

139 939 209 979 Sic
246 938 352 976 enim
387 949 571 976 sanorum
602 937 644 975 in
681 935 796 975 libris
832 934 1040 985 scribitur,
1078 947 1160 972 non
1191 947 1270 986 quo
1302 933 1430 972 omnis
1458 932 1544 971 eius
1578 932 1628 970 fr.

137 1011 241 1049 ratio
280 1008 539 1058 obscuratur,
576 1011 824 1054 insanorum,
861 1010 952 1058 post
979 1005 1175 1058 Popmam
1203 1005 1254 1044 ab
1286 1004 1462 1044 Oehlero
1489 1004 1628 1043 incon-

138 1081 317 1121 siderate
346 1086 570 1133 receptum.
628 1080 740 1130 Ergo
770 1077 955 1116 collectis
985 1078 1048 1116 his
1078 1076 1239 1116 indiciis
1265 1075 1317 1114 ad
1349 1075 1506 1116 Orestis
1537 1089 1627 1128 spe-

139 1154 243 1192 ciem
287 1153 537 1191 efformatum
574 1149 779 1188 hominem
815 1148 1000 1187 insanum
1038 1148 1329 1196 nanciscimur,
1381 1147 1451 1199 qui
1492 1160 1516 1185 a
1553 1146 1629 1185 deo

141 1223 271 1263 deave
307 1222 460 1262 frustra
503 1221 751 1260 levationem
784 1219 970 1258 insaniae
1006 1224 1196 1270 precatus
1244 1217 1409 1257 tandem
1451 1216 1631 1256 iudicum

139 1293 303 1334 decreto
337 1294 378 1332 in
412 1305 601 1332 sanorum
635 1304 846 1330 numerum
874 1290 1060 1347 refertur.
1116 1276 1305 1341 Cumque
1330 1301 1403 1341 per
1432 1288 1633 1327 nonnulla

137 1366 367 1417 fragmenta
404 1364 446 1402 in
475 1363 615 1402 matris
647 1361 767 1400 deum
795 1361 989 1414 templum
1020 1359 1279 1409 inducamur,
1318 1359 1426 1398 subit
1456 1359 1631 1397 animum

142 1435 349 1488 cogitatio,
366 1434 484 1473 huius
506 1432 610 1472 deae
633 1446 743 1472 aram
763 1433 989 1486 supplicem
1011 1432 1132 1472 istum
1152 1431 1441 1483 occupavisse:
1463 1429 1629 1482 quando

141 1502 245 1546 cum'
271 1505 506 1546 sacerdotes
544 1503 724 1558 Cybeles
767 1503 953 1543 medicae
997 1503 1095 1542 artis
1132 1502 1284 1555 peritos
1321 1507 1406 1540 tum
1445 1500 1631 1559 Cybelen

142 1579 271 1629 ipsam
310 1575 482 1616 sanandi
520 1574 644 1613 animi
683 1573 864 1613 morbum
903 1574 1099 1614 facultate
1137 1572 1365 1625 praeditam
1396 1571 1631 1611 credebant.

144 1647 207 1688 Of.
242 1646 504 1687 Schwenckii
542 1647 772 1695 Mytholoyie
810 1647 880 1683 der
918 1646 1106 1684 Griechen
1143 1658 1181 1696 p.
1219 1636 1300 1685 33'8.
1359 1643 1489 1697 Atqui
1524 1643 1631 1682 aliae

141 1718 343 1771 reliquiae
373 1710 546 1756 eundem
575 1715 737 1755 insania
766 1714 1020 1755 laborantem
1048 1717 1232 1756 indicant
1253 1716 1305 1756 de
1325 1714 1470 1754 eodem
1492 1714 1631 1754 morbo

143 1789 328 1840 Serapim
357 1787 527 1836 adiisse,
575 1799 695 1839 quem
725 1792 766 1824 et
794 1787 925 1838 ipsum
952 1787 1193 1839 Aesculapii
1220 1788 1358 1840 partes
1390 1787 1632 1825 sustinuisse

141 1858 423 1914 perhibebant.
491 1857 556 1902 Of.
594 1856 853 1897 Schwenckii
895 1859 1198 1908 Mytholoyieesd.
1222 1859 1433 1908 *Aeyypter
1472 1872 1511 1910 p.
1550 1862 1631 1907 275,

142 1929 355 1971 Welckeri
390 1930 514 1967 kleine
544 1929 742 1977 Schriften
770 1927 836 1966 III
870 1941 908 1980 p.
938 1935 983 1971 99
1010 1942 1119 1982 sqq,
1179 1927 1229 1968 Ο.
1258 1928 1427 1967 Iahnius
1456 1928 1510 1967 ad
1533 1928 1631 1966 Per-

141 2002 243 2041 sium
273 2014 312 2053 p.
344 2006 423 2042 133.
483 1998 823 2055 Denique‘idem
854 2005 1043 2051 aegrotus
1072 1999 1125 2038 ad
1153 1999 1484 2051 philosophorum
1514 1998 1631 2037 scho-

142 2057 205 2112 las
235 2072 467 2124 ablegatur,
498 2070 542 2108 in
570 2067 716 2122 quibus
744 2068 867 2120 longe
898 2071 1044 2108 certior
1074 2083 1195 2122 quam
1234 2070 1275 2108 in
1305 2054 1513 2108 numinum
1544 2067 1631 2107 illo-

142 2156 231 2182 rum
261 2142 386 2182 sacris
422 2140 608 2180 insaniae
643 2152 693 2178 ac
727 2138 959 2178 dementiae
997 2141 1149 2179 curatio
1177 2140 1312 2192 posita
1340 2141 1410 2178 sit:
1450 2140 1516 2178 cui
1545 2139 1633 2191 qui-

144 2214 236 2253 dem
267 2212 436 2251 consilio
461 2211 629 2250 insanus
659 2209 748 2261 ipse
770 2215 938 2261 propter
960 2210 1152 2250 infandas
1173 2210 1500 2264 philosophorum
1521 2210 1633 2261 inep-

146 2285 223 2324 tias
268 2288 399 2322 semet
439 2294 582 2333 parum
628 2279 975 2332 obtemperantem
1010 2287 1203 2335 praestat.
1262 2280 1488 2322 Intercedit
1514 2294 1634 2333 porro

146 2354 279 2402 aliud,
322 2352 430 2406 quod
463 2356 554 2403 post
584 2349 728 2402 dicam,
754 2363 835 2404 quo
866 2359 1032 2405 paratur
1062 2354 1238 2404 curatio,
1280 2367 1401 2407 quam
1429 2359 1634 2406 postremo

148 2439 220 2466 suo
244 2424 396 2464 iudicio
426 2423 609 2463 forenses
639 2422 867 2463 conficiunt.

259 2495 402 2546 Tetigi
433 2492 531 2546 quid
565 2493 741 2533 maxime
768 2499 958 2534 Eumsmsm
989 2482 1185 2537 Varronis
1223 2509 1432 2536 commune
1462 2496 1515 2534 sit
1546 2509 1635 2534 cum

147 2565 348 2620 Aeschyli
393 2563 543 2619 fabula
585 2569 626 2603 et
667 2577 757 2604 eam
793 2579 914 2619 quam
950 2569 1183 2620 primariam
1221 2581 1312 2608 esse
1350 2568 1437 2607 eius
1471 2573 1635 2607 saturae

148 2644 307 2691 partem
339 2637 527 2676 existimo
546 2637 786 2689 significavi.
827 2637 948 2678 Addo
970 2639 1085 2688 illud,
1110 2644 1204 2691 post
1224 2652 1274 2679 ea
1294 2652 1401 2692 quae
1420 2652 1460 2690 p.
1487 2645 1554 2678 laelo
1574 2650 1632 2689 sq.

149 2710 356 2762 disputavi
392 2722 474 2748 non
510 2710 648 2762 inepte
687 2709 913 2749 Varronem
947 2711 1078 2764 ipsum
1114 2709 1228 2750 credi
1266 2709 1341 2749 sub
1381 2708 1514 2748 insani
1541 2721 1633 2759 per-

149 2794 249 2821 sona
279 2780 607 2820 delitescentem:
640 2781 710 2834 qui
740 2793 830 2819 eam
857 2780 991 2821 induit
1015 2794 1246 2834 personam,
1274 2793 1353 2833 quo
1382 2778 1551 2818 aliorum
1575 2778 1636 2816 in·

150 2852 323 2900 saniam,
354 2864 459 2904 quae
488 2850 603 2890 nulla
631 2850 869 2902 haberetur,
899 2852 1033 2892 acrius
1059 2852 1353 2904 perstringeret
1381 2847 1636 2900 sanandique

150 2924 260 2974 vias,
299 2926 419 2976 quae·
439 2922 640 2962 salutares
674 2921 798 2974 vulgo
828 2927 1086 2974 putarentur,
1116 2935 1244 2962 vanas
1275 2927 1317 2962 et
1344 2920 1514 2960 ficticias
1546 2931 1637 2958 esse
