1898 3236
670 253 1015 286 comac'rANEA.
1248 274 1250 276 -
1506 244 1585 285 189

102 376 248 402 causas
278 361 431 401 solent:
480 361 533 402 cf.
567 360 843 413 Quintilianus
873 360 912 401 V
942 366 1000 408 10,
1029 364 1074 401 27
1101 361 1281 405 rusticus,
1308 358 1491 407 forensis,
1521 369 1586 396 ne-

96 437 280 483 yotiator,
329 436 455 480 miles,
498 436 718 483 ηαυίραιον,
766 434 934 469 medicus
972 432 1080 468 aliud
1113 435 1229 479 atque
1262 431 1371 468 aliud
1398 430 1586 479 efficiunt.

102 506 346 543 Existimatio
382 517 458 542 usu
486 503 660 543 Varroni
695 515 778 541 non
813 500 1064 554 infrequenti
1089 505 1294 553 tamquam
1322 513 1500 552 persona
1526 501 1585 539 in·
1610 541 1613 542 ⁷

102 576 248 614 fertur:
274 580 319 612 ut
348 575 391 613 in
416 578 510 612 Laos
535 577 671 611 Mirum
702 573 752 612 fr.
780 581 802 614 5
830 574 1066 618 Metamelos,
1097 573 1387 610 Inconstantiae
1413 572 1520 619 filius
1547 576 1588 608 et

101 647 142 684 in
169 645 247 684 hac
278 650 415 684 nostra
444 649 582 684 satura
610 643 660 683 fr.
689 649 736 686 46
764 646 879 683 tertia
905 644 1146 689 Poenarum,
1190 642 1376 691 Infamia.
1436 643 1589 691 referat

102 717 278 770 denique
302 729 377 755 sua
400 714 605 768 primitiva
623 714 665 753 vi
682 712 979 767 accipiendum,
1009 707 1151 752 rursus
1173 714 1282 763 ferat
1311 716 1351 751 in
1371 725 1586 760 numerum,

100 790 181 825 non
211 799 260 825 ea
287 798 368 839 qua
395 788 436 824 in
464 797 663 824 numerum
694 785 849 834 referre
877 797 958 823 non
987 784 1112 823 distat
1142 783 1193 823 ab
1219 783 1535 823 adnumerando.

213 856 281 895 Ad
315 857 435 895 finem
462 855 725 908 perduximus
755 854 887 893 insani
919 855 1047 895 nostri
1076 855 1299 903 fortunam,
1337 859 1530 908 quantum
1561 867 1584 892 e

99 927 282 980 reliquiis
328 927 528 980 dispicere
563 926 690 965 licuit.
760 924 824 963 Ac
860 924 959 964 licet
994 925 1101 965 bona
1137 940 1233 979 pars
1269 926 1587 977 fragmentorum

100 998 288 1050 supersit,
320 1011 488 1050 quorum
517 997 683 1036 nullam·
696 996 941 1036 mentionem
969 997 1064 1046 feci,
1095 1004 1233 1038 tamen
1261 996 1357 1036 inde
1385 997 1487 1036 nihil
1517 1003 1586 1036 aut

99 1082 180 1107 non
209 1067 376 1107 multum
405 1069 509 1107 lucis
534 1067 586 1106 ad
611 1067 739 1115 hanc,
779 1081 900 1120 quam
928 1069 1162 1121 primariam
1189 1068 1383 1117 arbitror,
1421 1075 1586 1108 saturae

99 1146 257 1192 partem
286 1138 603 1178 redundaturum
628 1138 827 1178 existimo.
887 1139 973 1179 Sed
996 1140 1074 1179 hoc
1098 1146 1196 1180 utut.
1216 1146 1292 1190 est,
1323 1140 1466 1180 videor
1490 1141 1588 1180 mihi

100 1210 171 1248 illa
209 1208 490 1248 distributione
526 1210 664 1263 paullo
703 1210 795 1262 plus
830 1209 883 1249 ad
920 1217 1032 1250 recte
1063 1211 1358 1251 aestimandam
1389 1226 1586 1251 memora-

99 1280 223 1319 bilem
258 1280 519 1332 reliquiarum
554 1280 795 1319 varietatem
832 1281 1052 1321 contulisse
1090 1296 1210 1335 quam
1236 1296 1326 1322 cum
1354 1284 1584 1337 superiores

100 1357 184 1391 tum
212 1351 428 1399 oehlerus,
459 1351 527 1403 qui
552 1351 657 1390 haec
681 1351 719 1389 ei
751 1357 913 1397 saturae
943 1353 1172 1406 praemisit:
1200 1353 1388 1394 ‘Tractat
1412 1356 1491 1395 hac
1521 1370 1584 1395 sa-

100 1429 192 1462 tura
220 1422 447 1462 Stoicorum
482 1420 630 1472 dogma
655 1415 723 1461 Bu
757 1416 903 1470 πάντες
938 1422 1061 1477 μωροὶ
1089 1425 1317 1476 μαίνονταιε
1362 1425 1471 1478 quod
1500 1427 1587 1483 H⁰7

99 1495 225 1533 ratius
264 1505 426 1546 quoque
460 1492 670 1544 eleganter
697 1495 934 1546 perstrinxit
962 1497 1004 1534 in
1032 1496 1294 1549 Damasipp0.
1355 1499 1588 1536 Eumenides

102 1562 206 1602 liber
224 1563 333 1602 haud
348 1562 470 1601 dubie
488 1563 580 1602 ideo
597 1563 814 1616 inscriptus
830 1572 904 1614 est,
925 1553 1020 1619 quia
1038 1566 1116 1606 hae
1136 1565 1239 1606 deae
1254 1567 1460 1606 hominum
1476 1580 1586 1605 men—

102 1641 164 1674 tes
194 1635 331 1673 furore
361 1633 530 1686 implere
559 1633 837 1686 putabantur.’
882 1638 932 1676 In
963 1636 1108 1690 quibus
1137 1622 1397 1690 quantumvis
1423 1638 1585 1691 paucis-

101 1707 212 1745 simis
243 1711 438 1759 quantum
470 1705 538 1744 ille
569 1705 840 1755 aberraverit,
880 1721 962 1747 non
993 1714 1057 1746 est
1090 1709 1200 1761 quod
1224 1723 1332 1748 nunc
1362 1693 1587 1762 persequar

99 1777 272 1828 longius.
330 1777 420 1815 Nec
451 1776 576 1815 multo
610 1776 703 1829 plus
732 1778 781 1816 iis
811 1777 866 1816 ad
890 1778 1188 1831 intellegendas
1216 1787 1380 1821 saturae
1410 1781 1587 1819 rationes

99 1847 318 1899 proficitur,
335 1860 441 1900 quae
457 1847 664 1888 Prellerus
681 1847 776 1886 olim
794 1848 836 1886 in
856 1845 1095 1890 Oehleriani
1109 1852 1202 1891 libri
1219 1866 1392 1892 censura
1411 1853 1585 1904 scripsit.

99 1919 136 1957 E
164 1917 312 1957 ceteris
342 1917 599 1969 fragmentis,
631 1932 738 1972 quae
766 1933 847 1958 non
877 1920 1013 1972 tetigi,
1051 1936 1217 1974 possum
1248 1923 1402 1976 aliquot
1431 1924 1472 1961 in
1504 1925 1583 1961 sin-

98 1988 215 2039 gulas
236 1988 435 2041 quasdam
456 2002 629 2029 scaenas
651 1990 859 2041 colligere,
882 2004 987 2044 quae
1008 1997 1145 2031 tamen
1168 1992 1369 2045 quomodo
1392 2000 1462 2032 aut
1482 1995 1587 2032 inter

98 2073 144 2098 se
176 2065 246 2098 aut
277 2072 366 2098 cum
396 2065 633 2110 argumento
662 2062 853 2112 primario
879 2062 1147 2112 cohaeserint,
1178 2078 1259 2104 non
1280 2054 1470 2117 dispicio:
1499 2064 1585 2103 vel-

96 2135 140 2168 ut
174 2130 270 2178 illa,
317 2143 423 2182 quae
459 2130 754 2182 praebitionem
791 2130 862 2182 (fr.
900 2131 944 2183 4)
981 2133 1160 2187 aliquam
1199 2148 1326 2175 cenae
1331 2165 1346 2184 2
1393 2141 1439 2174 ut
1473 2140 1584 2188 puto,

98 2200 297 2238 attineant
327 2199 414 2250 (frr.
447 2206 481 2239 4.
512 2206 547 2241 6.
575 2208 611 2241 5.
635 2207 669 2242 9.
701 2200 762 2252 7),
792 2202 834 2239 in
859 2215 940 2255 qua
969 2202 1219 2256 dispensatio
1246 2206 1468 2245 secundum
1498 2220 1585 2245 cer-

97 2276 182 2308 tum
211 2269 392 2308 ordinem
430 2269 541 2307 facta
569 2282 661 2309 esse
690 2270 871 2320 videtur,
908 2279 952 2312 ut
979 2275 1066 2314 eius
1090 2278 1338 2316 ‘narrationis
1368 2277 1603 2317 similitudo,

98 2339 299 2392 quaedam
346 2351 452 2377 cum-
474 2338 777 2391 dispensatione
815 2344 1024 2395 sportulae
1061 2347 1170 2398 apud
1207 2349 1447 2389 Iuvenalem
1472 2350 1493 2388 I
1522 2357 1584 2390 101

100 2410 215 2462 quasi
252 2423 326 2462 per
362 2409 553 2449 tenebras
591 2418 847 2462 agnoscatur.
908 2415 978 2455 Sic
1008 2417 1091 2456 alia
1120 2419 1323 2472 quaedam
1358 2422 1587 2473 fragmenta

102 2479 243 2518 mutati
273 2478 443 2520 vestitus
466 2480 707 2535 habitusque
728 2497 919 2525 scaenam
940 2489 1123 2529 referunt
1154 2489 1242 2542 (frr.
1270 2499 1325 2533 12.
1348 2499 1406 2534 13.
1431 2499 1483 2533 14.
1510 2492 1584 2544 15).

99 2549 147 2587 In
177 2548 322 2602 quibus
347 2550 396 2590 fr.
427 2558 472 2594 13
498 2553 681 2605 proclive
707 2561 795 2594 erat
823 2556 1062 2610 intellegere
1087 2560 1170 2600 leni
1190 2563 1412 2601 mutatione
1437 2562 1587 2601 bonum

98 2621 300 2660 senarium
322 2621 504 2673 prodire:

299 2693 450 2732 Partim
481 2702 642 2734 venusta
672 2699 849 2738 malichu·
876 2689 1040 2740 ornatas
1068 2705 1178 2748 stola,

98 2770 211 2801 ornat
242 2764 349 2802 enim
372 2763 476 2805 libri.
535 2764 656 2817 Quod
687 2767 911 2808 Oehlerum
935 2785 1016 2810 non
1043 2771 1198 2812 vidisse
1227 2773 1368 2811 mirum
1397 2786 1478 2811 non
1509 2779 1584 2821 est,

98 2834 167 2886 qui
196 2848 246 2872 ne
278 2848 348 2873 eos
378 2835 554 2888 quidem,
590 2850 690 2889 quos
717 2838 768 2878 G.
797 2839 1055 2881 Hermannus
1087 2844 1127 2881 in
1159 2843 1373 2882 elementis
1404 2843 1442 2882 d.
1473 2857 1522 2881 m.
1546 2857 1583 2896 p.

94 2912 163 2947 389
198 2906 373 2958 praeivit
415 2907 607 2964 dimetros
645 2910 931 2962 anapaesticos
964 2914 1147 2965 recipere
1184 2926 1306 2952 ausus
1343 2921 1425 2953 est:
1466 2915 1512 2953 fr.
1541 2921 1587 2956 46
