1898 3236
240 254 294 295 98
817 263 1151 296 coNIEcrANEA.

239 370 455 418 ‘compaqes
498 370 726 418 conzpayz‘s',
770 372 938 418 quoniam
977 367 1211 421 [quamquam
1221 368 1256 422 ‘?]
1295 372 1514 420 ‘conspaqo'
1558 383 1719 420 usurpa—

238 447 309 478 lum
337 446 400 478 esl.
457 439 723 488 ‘eompayim’s’
758 442 852 482 enim
887 451 990 476 nemo
1022 442 1168 488 penitus
1197 429 1300 477 aicit.
1364 441 1509 478 Ovidius
1533 446 1653 479 tamen
1685 445 1723 480 in

233 515 357 561 premo
405 510 742 558 metamorphoseon
781 507 879 562 [711]
922 512 975 546 ait
982 526 994 547 :
1051 509 1063 528 ‘
1078 512 1192 558 Atque
1229 514 1279 548 ita
1319 512 1530 559 disparibus
1573 513 1726 549 calamis

239 585 451 631 conzpaqine
478 583 632 618 cerae':
662 594 684 616 a
708 583 868 628 qenelivo
899 580 1175 629 ‘comp(c92'nis’.
1235 579 1318 619 Sed
1341 580 1482 618 eadem
1499 581 1638 618 >forma
1662 582 1725 619 usi

242 659 333 691 sunt
363 653 486 691 etiam
517 649 727 697 Manilius,
757 649 934 697 Plinius,
966 640 1055 698 alifi
1087 655 1129 687 ut
1160 663 1248 688 cum
1275 650 1402 689 semel
1430 663 1571 701 parum
1609 664 1725 690 accu-

240 730 326 762 rate
357 724 523 762 Servius
553 720 711 758 locutus
741 718 948 769 videatur,
985 720 1155 759 fortasse
1186 733 1239 759 ne
1270 720 1321 759 de
1350 720 1534 759 Varrone
1563 720 1724 772 quidem

242 793 417 832 dubitari
441 792 600 830 debeat.
662 790 820 842 Quodsi
844 797 977 830 tamen
1001 804 1081 829 non
1107 791 1204 829 licet
1227 792 1466 830 recentioris
1494 797 1615 830 notae
1645 791 1725 830 for-

242 878 345 902 mam
383 865 422 903 in
464 865 687 903 Varronem
717 862 888 907 inferre,
929 862 1060 914 possis
1097 860 1318 903 secundum
1347 864 1605 910 propceyminis
1642 861 1725 899 En-

241 935 352 973 niani
381 934 609 984 analogiam
634 933 683 972 de
704 935 963 982 compayminis
985 931 1177 983 genetivo
1200 931 1391 982 cogitare.
1421 931 1537 970 Illius
1564 931 1737 984 quidem

243 1006 354 1044 vocis
386 1011 556 1057 utraque
588 1004 714 1043 forma
746 1009 787 1042 et
810 1013 999 1052 propayes
1030 1007 1068 1040 et
1091 1014 1263 1051 propaqo
1294 1015 1383 1041 cum
1412 1003 1494 1041 suis
1522 1003 1725 1054 genetivis

242 1082 323 1114 tam
354 1075 530 1127 antiquis
563 1087 681 1127 quam
712 1072 1003 1112 recentioribus
1035 1073 1076 1111 in
1101 1085 1177 1111 usu
1208 1072 1294 1111 fuit.
1681 1067 1685 1069 “

356 1145 498 1184 Redeo
527 1144 646 1192 illuc,
678 1143 786 1196 quod
817 1142 1066 1182 diversarum
1095 1149 1255 1181 saturae
1284 1144 1459 1196 partium
1484 1144 1637 1182 nullum
1670 1143 1728 1182 di-

245 1204 439 1268 spiciatur
474 1214 702 1253 vinculum:
741 1205 834 1251 naim
864 1218 986 1252 tenue
1028 1217 1090 1251 est
1121 1225 1197 1251 nec
1234 1226 1426 1252 summam
1465 1215 1527 1253 rei
1561 1214 1728 1254 multum

245 1286 411 1334 adiuvat
437 1285 511 1323 hoc
543 1283 650 1336 quod
678 1285 718 1322 in
746 1283 792 1322 fr.
824 1291 865 1324 ll
898 1296 1072 1334 agnosco
1102 1283 1336 1334 vestigium:

357 1377 475 1414 Pudet
509 1386 565 1412 me
605 1378 657 1413 lui
692 1379 726 1412 el
759 1374 953 1426 Musarum
994 1402 1004 1412 .
1043 1401 1053 1411 .
1091 1384 1312 1422 aynoscere:
1361 1377 1462 1423 piqet
1504 1386 1660 1413 currere
1698 1380 1734 1413 et

358 1460 433 1485 una
463 1448 571 1495 sequi.

247 1535 454 1576 Lae‘unam
484 1535 731 1587 significavi,
762 1547 883 1587 quam
909 1532 1083 1576 suadere
1113 1534 1311 1573 enuntiati
1337 1539 1536 1573 structura
1560 1534 1731 1574 videtur.

248 1606 451 1659 Suppleri‚
484 1619 562 1658 quo
592 1605 840 1655 significetur
870 1604 1085 1653 sententia,
1117 1603 1219 1642 haec
1247 1610 1434 1655 possunt:
1462 1607 1579 1653 pudet
1604 1617 1661 1643 me
1682 1607 1734 1643 tui

247 1687 280 1716 et
306 1680 526 1718 Musarum,-
559 1673 668 1727 [dolet
693 1678 787 1712 enim
815 1686 933 1712 meam
963 1671 1156 1726 amusium]
1189 1686 1410 1723 aynoscere:
1432 1678 1534 1724 piyet
1562 1688 1595 1714 e.
1628 1689 1666 1728 q.
1698 1689 1732 1715 s.

249 1750 406 1801 Nempe
430 1748 533 1785 haec
564 1745 614 1783 ab
645 1758 691 1782 eo
719 1743 827 1782 dicta
852 1757 942 1782 esse
974 1743 1188 1795 opinabar,
1225 1745 1294 1796 qui
1324 1758 1400 1783 nec
1430 1745 1491 1783 illi
1528 1745 1579 1784 de
1617 1746 1731 1797 poesi

249 1834 295 1858 ac
322 1819 476 1857 musica
505 1815 768 1867 disputationi
798 1815 1015 1860 interesse,
1046 1827 1123 1852 nec
1153 1827 1240 1852 cum
1266 1804 1539 1853 involantibus
1569 1815 1656 1853 istis
1679 1814 1732 1854 ad

249 1888 471 1929 certamina
490 1887 532 1925 in
554 1887 697 1924 silvam
715 1885 783 1923 vel
805 1884 1013 1923 venationi
1029 1897 1190 1935 operam
1213 1882 1454 1922 navantibus
1470 1898 1551 1922 una
1572 1899 1732 1924 currere

248 1960 398 2011 cupiat.
449 1958 487 1996 A
517 1971 608 2009 quo,
641 1970 730 1994 cum
748 1962 830 1993 tam
857 1954 1193 1993 turbulentiorum
1221 1955 1471 2006 voluptatum
1500 1947 1620 2006 quain
1645 1956 1732 1993 Mu-

249 2043 381 2068 sarum
416 2027 651 2066 fastidiosus
675 2027 745 2074 sit,
775 2039 856 2064 non
883 2025 1039 2063 alienus
1066 2024 1251 2063 videatur
1270 2020 1404 2063 lentus
1425 2025 1601 2064 micandi
1632 2026 1670 2064 h.
1695 2039 1730 2063 e.

250 2100 387 2150 digitis
416 2098 611 2136 sortiendi
639 2097 772 2145 lusus,
804 2109 925 2148 quem
956 2083 1007 2135 frss
1038 2103 1082 2136 10
1109 2095 1255 2134 refert:

361 2190 577 2227 Mieandum
606 2190 675 2225 eric
698 2199 779 2225 cum
811 2188 977 2234 Graeco,
1017 2191 1138 2222 utrum
1168 2197 1232 2234 eye
1256 2188 1351 2223 illius
1375 2196 1567 2223 numerum
1596 2198 1645 2223 an
1674 2188 1735 2223 ille

363 2272 478 2298 meum
509 2263 698 2307 sequatur.

252 2351 298 2388 In
329 2364 409 2402 quo
440 2364 519 2387 non
558 2361 751 2400 assequor
781 2346 879 2399 quid
909 2345 961 2384 sit
990 2351 1185 2394 sequatur.-
1234 2358 1308 2397 pro
1337 2357 1416 2396 quo
1445 2350 1664 2393 assequatur
1694 2349 1735 2382 et

251 2421 452 2458 sententia
484 2425 523 2457 et
557 2418 738 2455 latinitas
768 2416 949 2469 requirit.
1005 2413 1218 2452 Intercidit
1247 2415 1430 2466 praefixa
1466 2414 1588 2452 verbo
1617 2427 1732 2466 prae·

251 2490 415 2541 positi0‚
446 2495 490 2526 ut.
519 2488 694 2538 saepius.
749 2486 875 2524 Velut
904 2490 1278 2523 Psnunm.1.Apomdmis
1309 2485 1356 2523 fr.
1388 2491 1427 2524 2:
1473 2487 1571 2534 quod
1590 2481 1628 2522 iri
1660 2487 1736 2521 ems

252 2563 310 2598 clei
345 2562 477 2607 templa
507 2561 661 2596 calceati
686 2560 891 2595 introeunt:
927 2569 1011 2593 nam
1044 2559 1081 2592 in
1110 2560 1243 2606 oppido
1280 2567 1375 2605 quae
1408 2562 1461 2593 est
1487 2556 1596 2591 aedes
1624 2556 1735 2605 Apol-

251 2634 333 2669 linis
361 2636 394 2667 el
421 2641 515 2678 quae
539 2630 586 2666 ibi
605 2630 656 2665 acl
680 2629 871 2671 Herculis,
905 2632 944 2664 ut
970 2630 1146 2675 introbiat,
1183 2638 1287 2663 nemo
1320 2637 1361 2662 se
1389 2617 1627 2661 excalceatur
1654 2635 1735 2661 non

252 2707 348 2753 puto
377 2700 648 2750 integritatem
679 2702 883 2745 constare,
916 2698 993 2735 nisi
1023 2699 1228 2735 excalceati
1246 2694 1444 2733 scribatur
1471 2706 1541 2744 pro
1570 2694 1734 2730 calceati.

251 2772 479 2823 Insequens
524 2770 628 2809 enim
667 2768 915 2809 enuntiatum
950 2766 1113 2806 causale
1156 2765 1338 2817 superius
1378 2763 1615 2802 contrarium
1653 2759 1734 2798 dici

253 2842 393 2892 exigit.

366 2911 509 2962 Itaque
540 2910 609 2948 frr.
654 2916 689 2949 ll
722 2914 761 2946 et
802 2915 860 2955 10,
894 2906 1009 2945 modo
1041 2905 1137 2958 quid
1169 2905 1255 2943 veri
1289 2903 1338 2941 de
1369 2913 1501 2939 eorum
1533 2899 1734 2941 sententia
