1898 3236
250 237 304 276 42
822 214 1172 278 commonia-A..

361 356 385 390 4
656 351 732 390 Sed
755 351 1022 398 pancarpineo
1050 353 1131 391 cibo
1156 359 1286 391 coacto

451 416 672 459 Libamenta
699 422 828 469 leyens
856 421 1004 459 caduca
1033 424 1164 461 victus.

247 503 438 564 Denique
461 510 509 549 fr.
533 518 555 551 5
584 509 741 548 Nonius
771 509 833 548 bis
861 510 1066 562 perhibuit
1092 526 1132 565 p.
1154 519 1243 561 336,
1272 519 1314 555 8:
1354 513 1497 552 ‘limen'
1525 512 1644 551 omni&
1669 520 1725 551 in-

246 593 403 632 9ressus
421 602 456 610 —
478 604 512 609 —
544 582 669 619 Varro
700 578 739 618 V.
760 581 808 618 D.
837 582 907 620 ‘ad
925 594 1019 631 quos
1042 596 1127 623 cum
1151 586 1314 622 volucris
1337 584 1566 632 (volucribus
1587 582 1727 635 Leid.)

249 655 349 691 venti
375 657 417 690 ut
445 654 528 690 illos
553 663 673 701 usque
704 653 756 689 ad
785 653 915 691 limina
945 656 1065 699 nitida
1095 655 1206 693 bilis?
1239 659 1279 693 et
1306 668 1352 707 P..
1377 661 1464 703 529,
1493 661 1515 697 9
1545 654 1648 693 ‘vile’
1675 685 1683 692 .
1715 684 1723 692 .

243 737 319 773 pro
342 723 549 772 frequenti.
616 724 740 761 Varro
780 724 819 760 V.
848 725 895 761 D.
926 722 1074 764 ειἰἱαῠοε
1105 726 1267 773 (attabos
1294 724 1521 778 Wolfenb.)
1551 735 1726 766 cum'vo-
1789 750 1794 756 -

247 798 375 834 lueres
399 797 499 834 venit
519 795 626 843 apud
647 795 748 839 ἰῖῑοε,
781 806 900 843 usque
927 797 979 834 ad
1005 798 1134 835 limina
1159 799 1285 835 aidica
1310 797 1422 835 vilis)
1471 798 1535 836 Ex
1556 797 1634 836 hac
1653 796 1723 836 du-

247 867 344 920 plici
380 865 572 910 memoria
598 854 719 904 valde
749 863 973 916 depravata
1009 866 1191 917 Scaliger
1224 867 1433 917 ingeniose
1472 880 1561 905 eam
1604 867 1724 920 quam

247 951 369 990 supra
404 936 522 989 posui
558 937 797 988 scripturam
832 936 985 976 elicuit:
1032 950 1153 989 quam
1190 935 1354 989 quidem
1392 935 1592 978 Oehlerus
1631 950 1723 976 con-

247 1013 362 1047 sueto
399 1021 471 1046 suo
507 1007 676 1060 ‘inepte’
721 1006 949 1056 damnavit,
990 1008 1078 1060 ipse
1115 1007 1268 1053 ‘atavus
1303 1019 1389 1046 eum
1426 1009 1591 1046 volucris
1628 999 1728 1046 veuit

246 1081 354 1128 apud
379 1081 464 1117 illos
492 1090 611 1128 usque
641 1080 693 1117 ad
719 1080 862 1131 limina>
882 1080 963 1118 nidi
991 1081 1053 1117 am·
1081 1077 1221 1130 (genit.
1248 1077 1299 1117 ab
1328 1079 1438 1129 avus)
1468 1080 1552 1129 vilis
1582 1078 1722 1131 (genit.

246 1150 299 1190 ad
324 1152 407 1189 nidi
432 1148 661 1202 pertinens)
695 1162 747 1188 ex
776 1155 849 1188 su'a
875 1149 1107 1188 coniectura
1135 1147 1312 1188 scribere
1342 1150 1546 1198 conatus',
1583 1163 1721 1203 quam-

246 1235 366 1275 quam
396 1211 513 1260 ‘certi
541 1220 641 1259 nihil
671 1225 806 1272 potest
834 1219 1025 1275 constitui
1053 1219 1095 1258 in
1123 1219 1213 1258 loco
1240 1224 1324 1259 tam
1355 1221 1571 1273 corrupto’.
1624 1222 1722 1260 Par-

245 1306 350 1340 cam,
393 1305 444 1331 ne
473 1290 622 1330 iudicio
654 1291 825 1330 aliorum
851 1289 969 1328 nimis
1000 1289 1156 1329 diffisus
1187 1290 1351 1339 videar,
1391 1292 1469 1331 ista
1496 1279 1724 1332 ‘commenta

245 1362 439 1402 curiosius
467 1362 721 1414 expendere:
746 1361 829 1399 -hoc
858 1374 1014 1409 moneo,
1045 1360 1153 1414 quod
1177 1362 1299 1400 Nonii
1324 1362 1570 1415 exemplaria
1594 1364 1722 1402 altero
1752 1355 1756 1357 ⁵

243 1433 333 1472 loco
366 1435 499 1472 atabos
533 1445 606 1485 pro
644 1446 692 1472 eo
711 1431 832 1485 ·quod
866 1436 929 1470 est
963 1431 1098 1483 priore
1136 1435 1188 1471 ad
1221 1445 1317 1482 quos
1352 1432 1562 1481 exhibent,
1602 1434 1643 1472 in
1671 1433 1721 1473 ‘eo

243 1502 311 1555 qui
343 1501 525 1541 crebram
551 1508 565 1541 l
591 1507 631 1542 et
660 1505 696 1548 d,
727 1515 749 1541 v
776 1507 817 1541 et
840 1505 861 1541 b
886 1501 1110 1540 litterarum
1130 1503 1465 1554 permutationem
1483 1504 1725 1551 meminerit,-

241 1573 355 1612 nihil·
370 1572 482 1612 aliud
509 1572 587 1612 nisi
618 1573 828 1625 Scaligero
856 1571 1068 1625 probatum
1092 1575 1145 1611 ad
1169 1584 1263 1622 quos
1291 1572 1420 1612 latere
1448 1573 1523 1613 sibi
1553 1588 1721 1628 persua*

243 1643 367 1683 debit.

354 1715 516 1755 Pariter
552 1713 733 1754 eiusdem
771 1712 969 1765 Scaligeri
998 1715 1202 1766 ingenium
1233 1714 1306 1753 sed
1331 1720 1508 1767 spretum
1537 1715 1587 1755 ab
1612 1716 1720 1758 Oeh-

239 1787 326 1827 lero
365 1791 405 1825 et
434 1784 525 1824 aliis
560 1783 796 1837 explenduit
831 1785 872 1823 in
910 1785 1239 1836 coagmentandis
1268 1786 1375 1836 eius,
1414 1786 1521 1826 unde
1555 1787 1719 1828 deflexi-

217 1848 223 1854 ’
242 1870 341 1904 mus,
373 1853 568 1907 ἐγκωμίου
595 1854 791 1906 reliquiis,
823 1868 924 1907 quas
944 1855 1020 1910 ille*
1037 1857 1079 1895 in
1101 1856 1320 1896 Catalectis
1342 1870 1382 1908 p.
1403 1862 1471 1897 252
1494 1871 1525 1906 e,
1548 1857 1718 1899 diversis

241 1927 363 1967 Nonii
392 1925 558 1965 latebris
590 1925 781 1964 collectas
812 1926 889 1965 hoc
919 1926 1061 1966 ordine
1091 1925 1328 1980 descripsit:

270 2079 275 2084 ι
297 2029 318 2068 Ι
340 2027 418 2080 (14)
501 2029 597 2067 Ante
628 2038 744 2066 aures
769 2030 867 2066 nodo
896 2039 948 2066 ex
976 2030 1167 2067 subolibus
1191 2031 1346 2077 parvoli

507 2100 649 2138 Intorti
676 2100 924 2137 demittuntur
950 2110 1022 2137 sex
1049 2101 1273 2138 cincinnoli:

510 2171 619 2209 Oculi
645 2155 878 2218 subpaetuli,
902 2171 1056 2219 'niyellis
1078 2172 1250 2218 pupulis,

510 2231 711 2288 Quandam
740 2225 972 2279 hilaritatem
1000 2243 1257 2289 siqnificantes
1287 2244 1492 2287 animans„

296 2333 340 2371 II
363 2331 442 2384 (12)
511 2333 612 2378 Quos
642 2332 916 2379 calliblepharo
946 2333 1119 2377 naturali
1141 2334 1354 2380 palpebrae

513 2404 669 2440 Tinctae
697 2403 855 2440 vallatos
883 2403 1009 2439 mobili
1036 2406 1142 2450 septo
1171 2408 1307 2441 tenent.
1367 2408 1371 2412 '

294 2493 316 2532 I
340 2491 418 2544 (14)
506 2494 555 2530 At
583 2494 709 2549 rictus
731 2494 810 2530 oris
837 2493 994 2529 candidi
1014 2495 1284 2539 parvissumus

512 2564 556 2602 Ut
581 2543 784 2611 refrenato
803 2563 885 2598 risu
913 2572 1021 2599 roseo
1054 2560 1074 2584 *

294 2655 360 2694 ΠΙ
385 2653 463 2706 (11)
506 2655 639 2703 Siqilla
662 2654 703 2690 in
731 2656 854 2690 mento
883 2653 1072 2700 impressa
1098 2656 1239 2691 amoris
1265 2656 1419 2704 diyitulo

442 2726 445 2727 ⁷
515 2726 676 2774 Vestiqio
706 2726 968 2763 demonstrant
994 2725 1273 2766 mollitudinem.

280 2790 355 2855 vIV
377 2813 455 2866 (13)
508 2817 651 2859 Collum
670 2825 879 2863 procerum
904 2816 1036 2862 fictum
1064 2817 1137 2853 levi
1162 2827 1352 2869 marmore

506 2888 694 2936 Reqillam
723 2887 890 2924 tunicam
920 2886 1115 2934 diffinitur
1138 2898 1333 2935 purpura.

1889 2856 1898 2879 A„
1895 2842 1898 2849 .
1888 2432 1898 2830 -n-n——m-—sa---
1888 2250 1898 2408 Q.
