1898 3236
772 285 1115 317 CONIECTANEA.
1641 281 1694 322 69

208 392 366 442 attingi.
411 390 472 429 Ac
497 391 607 438 licet,
638 391 791 442 opinor,
821 391 1058 430 intaminata
1085 393 1277 431 memoria
1304 394 1419 431 metri
1448 393 1692 434 desiderium

207 463 386 515 explere.
446 461 552 500 Vide
582 460 678 499 mihi
707 461 815 500 hunc
844 462 1115 515 septenarium
1143 462 1383 502 'iambicumz

410 534 535 572 Novo's
559 535 722 571 maritus
737 532 932 571 ‘ecio-italus
961 537 1082 571 laoeim
1114 536 1251 572 t'cxoris
1273 535 1440 576 solve'bat

408 603 619 653 Cinyr'IIum.

207 676 255 714 In
295 688 373 727 quo
409 673 515 726 quod
552 676 744 723 cingillum
779 675 895 725 posui
928 688 1001 727 pro
1029 678 1240 724 camalam,
1276 689 1326 714 ne
1357 674 1397 714 id
1429 676 1590 729 quidem
1621 691 1693 716 nu-

208 759 405 785 merorum
436 744 672 784 necessitati
711 743 902 792 debetur,
943 745 1016 784 sed
1052 746 1142 798 ipsa
1179 747 1301 786 Nonii
1333 748 1572 786 auctoritate
1603 762 1692 787 sua—

209 817 337 866 detur,
368 816 436 869 qui
466 816 523 854 ita
544 813 684 853 scribit
710 828 749 866 p.
771 820 830 862 47,
854 821 918 857 27:
950 816 1184 865 ‘Cinyillum'
1215 832 1239 856 a
1263 820 1459 867 cingendo,
1491 821 1594 866 quod
1620 818 1693 857 ‘in-

205 887 420 938 cae'nyulum'
452 890 683 935 plerumque
720 888 871 924 dicitur.
942 887 1067 924 Varro
1117 887 1142 925 ‘.
1178 919 1185 926 .
1219 919 1226 926 .
1266 891 1433 927 solvebat
1469 892 1693 940 cinyulum?

205 960 469 1007 Ιηείηριιῖιιηι,
508 955 617 1009 quod
655 969 736 993 non
772 969 877 1007 nego
912 957 1094 1008 potuisse
1136 958 1236 1006 dici,
1274 958 1352 997 hoc
1389 973 1468 998 uno
1513 962 1692 999 testimo-

205 1030 272 1068 nio
302 1029 425 1067 Nonii
464 1027 652 1079 (alterum
689 1027 795 1065 enim
831 1027 928 1066 mihi
962 1028 1255 1080 incompertum
1295 1029 1374 1080 est)
1414 1045 1495 1070 non
1527 1032 1693 1071 multum

205 1101 300 1140 fidei
329 1101 594 1138 nanciscitur:
635 1099 753 1137 immo
785 1111 874 1136 cum
907 1098 1100 1151 frequens
1129 1100 1180 1138 sit
1209 1103 1419 1150 cinqulum,
1457 1101 1596 1154 paullo
1625 1116 1694 1141 au-

207 1178 287 1210 tem
308 1171 437 1209 rarius
467 1167 672 1219 cinyillz'cm,
703 1168 913 1221 probabile
944 1176 1019 1218 est,
1045 1159 1220 1209 Nonffim
1247 1172 1304 1209 ita
1334 1172 1568 1224 scripsisse:
1598 1172 1693 1212 ‘cin-

203 1243 352 1293 9illum’
383 1273 390 1280 .
423 1272 430 1280 .
470 1244 573 1291 quod
607 1242 833 1290 ‘cinqulum'
867 1244 1097 1290 plerumque
1126 1244 1285 1290 dicitur,
1330 1241 1583 1295 eandemque
1615 1244 1694 1282 for-

206 1328 310 1353 mam
348 1313 475 1352 fuisse
514 1313 555 1350 in
586 1311 782 1350 Varronis
814 1325 893 1363 quo
923 1312 1048 1350 utitur
1082 1313 1280 1365 exemplo.
1340 1313 1408 1352 Sic
1441 1316 1592 1362 cinyillo
1621 1329 1694 1366 pro

204 1388 354 1434 cinyulo
378 1383 539 1422 videtur
567 1383 696 1423 Paulo
724 1382 944 1421 breviatori
973 1383 1087 1422 Festi
1113 1397 1153 1435 p.
1185 1388 1232 1424 63
1252 1383 1308 1422 M.
1342 1396 1364 1420 e
1393 1381 1605 1421 ‘bonorum
1628 1398 1693 1422 co·

207 1455 356 1494 dicum'
388 1455 587 1506 scriptura
609 1455 759 1503 cinyilio
779 1453 1083 1492 restituendum.
1124 1454 1366 1503 Incinqulum
1390 1453 1497 1505 apud
1517 1454 1694 1493 Nonium

206 1526 313 1565 unde
344 1530 472 1563 ortum
508 1525 560 1563 sit
596 1524 731 1562 dicere
767 1536 848 1560 non
882 1536 1065 1575 possum,
1104 1523 1182 1562 nisi
1218 1523 1324 1562 forte
1355 1523 1449 1562 olim
1490 1526 1615 1563 Varro
1649 1528 1693 1563 in

209 1597 572 1636 Gerontodidascalo
603 1592 783 1641 extabat,
815 1592 922 1631 uncle
953 1594 1201 1645 praepositio
1230 1593 1377 1633 falsam
1405 1594 1543 1634 sedem
1574 1608 1692 1633 occu—

207 1658 332 1720 pavit.
403 1669 543 1706 Uxoris
578 1678 659 1703 vox
697 1664 913 1702 molossica
954 1658 1063 1716 quod
1101 1664 1253 1717 duplici
1282 1671 1452 1705 accentu
1479 1667 1695 1717 insignitur

208 1753 257 1778 ea
286 1738 447 1792 quidem
481 1736 601 1784 sede,
640 1750 720 1774 non
750 1735 891 1774 maiori
927 1736 1138 1775 offensioni
1174 1741 1256 1786 est,
1297 1750 1417 1789 quam
1449 1737 1555 1790 quod
1587 1736 1694 1776 idem

206 1811 335 1849 Varro
365 1811 406 1848 in
433 1806 591 1848 senario
621 1805 719 1845 dicit
746 1809 946 1843 Pnomzrnffl
978 1806 1028 1845 fr.
1053 1814 1075 1848 5

408 1879 519 1918 Levis
549 1890 654 1916 mens
684 1889 891 1925 numquam
921 1878 1152 1915 somnurnas
1181 1879 1366 1928 ima'yines

407 1950 590 1999 Aclfcitur,

207 2022 274 2062 ubi
300 2022 445 2061 iniuria
470 2019 651 2060 nonnulli
682 2018 731 2058 de
759 2031 990 2057 somnurmcs
1020 2019 1219 2058 vocabulo
1251 2019 1505 2060 dubitarunt:
1537 2035 1613 2060 nec
1643 2025 1693 2059 le-

207 2097 261 2133 vis
289 2100 401 2132 recte
427 2092 616 2131 videntur
644 2091 875 2142 accepisse,
909 2089 1018 2142 quod
1049 2090 1274 2130 cavendum
1304 2098 1365 2131 est
1403 2106 1453 2130 ne
1485 2093 1574 2144 quis
1606 2106 1694 2130 cum

206 2178 312 2204 mens
350 2165 588 2214 coniungat:
629 2162 680 2201 ad
716 2165 900 2211 imaqines
940 2162 1045 2199 enim
1078 2161 1249 2200 relatum
1284 2162 1413 2200 fluxas
1452 2164 1694 2201 somniorum

207 2236 366 2288 species
407 2234 606 2284 designat.
674 2232 764 2270 Nee
799 2232 1010 2270 latinitatis
1044 2233 1198 2284 perit-us
1240 2232 1426 2271 haerebit
1464 2234 1504 2271 in
1541 2232 1694 2285 duplici

208 2305 409 2357 epitheto,
456 2302 618 2356 quando
656 2303 697 2340 in
743 2316 863 2341 unam
897 2303 1103 2340 notionem
1140 2307 1286 2342 coeunt
1324 2303 1428 2342 haec
1463 2317 1695 2343 somnnrnas

205 2378 407 2424 imayines,
432 2386 596 2426 prorsus
631 2379 675 2411 ut
703 2387 777 2411 nos
805 2372 974 2412 dicimus
1006 2376 1140 2412 leichte
1174 2375 1208 2411 Τ
1205 2375 1472 2423 raumyebilde.
1520 2377 1586 2414 De
1616 2389 1696 2427 qua

209 2445 381 2497 duplicis
417 2443 585 2495 epitheti
619 2444 772 2483 ratione
801 2444 1000 2496 quaedam
1030 2444 1231 2484 subtiliter
1244 2461 1262 2493 ‚·
1291 2450 1335 2483 ut
1370 2445 1495 2492 solet,
1533 2445 1693 2484 Nakius

208 2515 261 2554 ad
297 2514 504 2554 Valerium
546 2514 740 2554 Catonem
778 2529 818 2567 p.
852 2522 922 2557 ‘283
959 2516 1193 2569 disputavit.
1253 2516 1317 2554 Ex
1355 2529 1403 2555 eo
1443 2529 1596 2567 genere
1633 2522 1695 2555 est

208 2586 318 2625 Flori
348 2585 574 2637 exemplum
607 2583 662 2637 (p.
694 2597 783 2623 xnn
817 2591 859 2627 16
887 2585 1048 2637 Iahni),
1078 2587 1291 2640 praeclara
1319 2586 1524 2638 Schopeni
1558 2600 1691 2625 emen-

208 2658 370 2696 datione
400 2656 646 2696 restitutum:
671 2658 838 2704 primum
870 2657 1038 2696 Siciliam
1067 2662 1225 2698 nobilem
1255 2661 1333 2697 vidi
1359 2661 1599 2697 domesticam
1630 2659 1695 2696 Ce-

208 2732 309 2767 reris
332 2731 470 2774 sedem,
501 2728 635 2765 deinde
667 2727 822 2774 Creten,
854 2741 943 2766 cum
972 2729 1012 2767 in
1046 2729 1187 2769 codice
1213 2728 1412 2768 scribatur
1442 2730 1604 2766 Cereris.
1635 2740 1694 2766 se-

206 2803 369 2838 cundam
409 2801 567 2837 deinde:
605 2810 723 2849 quam
760 2798 905 2838 iniuria
941 2801 1083 2852 opinor
1111 2800 1162 2838 O.
1192 2800 1360 2838 Iahnius
1401 2799 1574 2850 sprevit,
1614 2812 1693 2837 non

207 2877 318 2908 recte
348 2883 481 2922 neque
513 2883 535 2908 e
567 2882 687 2907 sensu
724 2869 897 2908 auctoris
930 2869 976 2909 C.
1004 2870 1192 2909 Halmius
1223 2870 1400 2920 accepit:
1433 2869 1560 2908 voluit
1588 2870 1694 2908 enim

206 2939 315 2980 haud
365 2939 486 2979 dubie
529 2942 689 2978 nobilem
731 2942 974 2980 domesticam
1020 2944 1146 2980 sedem
1194 2941 1395 2992 coniungi.
1465 2939 1549 2979 Sed
1587 2940 1696 2994 quod
