1898 3236
737 264 1077 296 ecmannum.
1241 244 1258 265 '
1581 253 1656 291 105

165 375 376 413 Postremo
413 378 484 411 aut
522 372 675 411 nullum
702 378 770 410 aut
799 376 998 423 pertenue
1029 368 1265 408 imitationis
1295 367 1540 409 Homericae
1569 380 1656 405 ves-

167 445 310 497 tigium
341 450 404 484 est
429 444 471 482 in
499 444 548 482 fr.
580 449 646 484 23:

281 537 364 582 Quo
388 547 471 574 cum
491 539 547 572 ire
568 532 760 579 vellemus,
787 532 909 569 obvius
923 532 1043 579 flare:
1076 531 1137 568 ubi
1155 532 1308 578 corpori
1335 531 1488 566 aerinas
1513 539 1655 576 compe-

280 609 344 645 des
363 608 550 656 impositas
571 605 683 642 video.

166 701 335 742 ae‘rinas,
367 694 476 749 quod
500 700 562 734 est
581 694 632 733 ab
666 698 782 741 aere,
814 705 896 731 non
930 692 980 731 ab
1009 705 1128 741 aere,
1167 692 1381 743 Roeperus
1419 689 1656 728 vindicavit.

165 768 301 816 Idem,
331 780 410 820 quo
440 766 554 805 locus
584 765 778 804 Varronis
808 763 1099 813 illustraretur,
1128 762 1236 801 hunc
1260 761 1476 814 Odysseae
1499 774 1659 799 versum

167 838 254 878 XII
272 845 340 881 325
369 838 469 888 (non
505 836 588 887 125)
620 834 876 899 monstravit:

367 927 497 978 Μῆνα
528 923 571 965 δὲ
593 920 713 964 πάντ’
736 917 927 975 ἄλληκτος
946 916 999 974 ἶὶη
1020 919 1174 972 Νότος,
1205 915 1297 961 οὐδέ
1320 936 1378 969 τις
1400 915 1519 968 ἄλλος

371 989 525 1050 Γίγ-νετ’
551 987 673 1035 ἔπειτ’
697 987 867 1046 ἀνέμων.
1057 983 1060 985 ’

167 1115 411 1155 quamquam
441 1100 531 1153 quis
559 1100 734 1138 affirmet
763 1099 956 1137 Austrum
987 1083 1126 1146 fuisse,
1157 1096 1216 1136 illi
1248 1097 1318 1148 qui
1349 1095 1490 1134 obvius
1516 1095 1660 1133 flavit?

165 1174 246 1211 Pro
282 1175 451 1210 vellemus
486 1169 593 1224 quod
634 1170 847 1222 Roeperus
882 1171 1007 1207 vellem
1039 1171 1131 1206 τὶς-ε».
1169 1168 1351 1219 margine
1387 1167 1495 1205 Iunii
1535 1164 1659 1217 (Non.

124 1231 130 1237 ⁴
168 1258 206 1296 p.
246 1250 310 1293 28,
353 1241 412 1294 12)
451 1242 618 1291 ascivit,
666 1244 790 1279 vellem
837 1228 1141 1278 commendatur
1187 1238 1419 1290 insequenti
1455 1239 1568 1276 video.
1631 1240 1662 1274 is

168 1321 321 1362 autem,
361 1313 466 1367 qnod
504 1327 582 1366 quo
612 1312 834 1365 referretur
870 1326 952 1351 non
987 1311 1120 1363 potuit
1147 1310 1271 1348 facile
1304 1307 1506 1360 perhanc
1535 1321 1660 1346 enun-

169 1385 257 1424 tiati
287 1385 456 1423 formam
485 1386 524 1423 in
556 1386 739 1438 proxime
773 1382 1048 1436 superioribus
1077 1380 1252 1428 habere,
1282 1379 1497 1430 displicet:
1524 1379 1661 1417 malim

169 1467 284 1505 usque
304 1457 426 1493 obvius
445 1457 562 1502 flare,
583 1454 624 1492 id
649 1453 758 1507 quod
779 1453 930 1491 aerinis
952 1451 1215 1504 compedibus
1236 1451 1451 1489 adiuvatur
1477 1455 1518 1488 et
1538 1463 1661 1488 versu

167 1526 350 1564 Homeri.
396 1525 487 1563 Nec
517 1538 615 1563 vero
644 1523 1006 1564 recte'continuari
1035 1524 1164 1562 verba
1189 1523 1399 1569 videntur,
1431 1521 1503 1560 sed
1526 1521 1663 1559 media

170 1586 371 1649 quaedam
399 1596 522 1634 Nonii
551 1595 811 1634 festinatione
842 1600 912 1632 aut
943 1594 1065 1645 culpa
1101 1592 1324 1632 scribarum
1353 1591 1662 1632 interciderunt.

170 1667 228 1706 Ut
267 1672 428 1706 corruat
462 1666 540 1704 hoc
575 1666 738 1704 nomine
771 1677 825 1702 ne
859 1664 1097 1716 ceteroquin
1130 1661 1294 1715 quidem
1331 1662 1663 1701 commendabilis

169 1737 348 1788 Roeperi
373 1736 576 1776 restitutio
599 1736 792 1775 metrica:
1402 1736 1412 1741 ”

672 1870 679 1878 Ι
765 1839 839 1875 quo
868 1837 950 1864 cum
975 1825 1034 1863 ire
1058 1827 1200 1872 vellem,
1230 1827 1262 1862 is
1291 1825 1414 1862 o'bvius

374 1898 510 1936 Fla're:
540 1899 604 1935 ubi
629 1900 781 1956 corpori
807 1897 961 1935 der-inas
989 1898 1176 1945 impe-silas
1200 1897 1300 1934 video
1324 1897 1528 1943 co'mpedes.

170 1989 240 2028 Sic
266 1989 400 2041 potius
428 1989 724 2027 octonariorum
756 2000 945 2026 mensura
976 1986 1164 2026 distribui
1194 1985 1412 2036 fragmenti
1437 1986 1664 2037 particulae

172 2059 397 2098 debebant:

373 2162 446 2198 quo
473 2161 558 2187 cum
588 2149 646 2186 irc
676 2151 820 2194 vellem,
848 2159 964 2196 usque
993 2139 1115 2185 o'bvius
1139 2149 1239 2195 flare
1280 2175 1290 2184 .
1339 2176 1348 2184 .
1396 2176 1406 2184 .
1461 2175 1470 2183 .
1528 2177 1536 2184 .
1590 2177 1599 2185 .
1654 2175 1664 2184 .

1188 2218 1250 2254 ubi
1274 2217 1428 2264 co'rpori

374 2283 537 2328 Αένίηαε
566 2289 760 2337 compede's
785 2291 975 2336 impositas
1008 2289 1110 2326 video
1163 2315 1427 2326 .....

171 2392 351 2430 Tantum
378 2395 442 2428 est
466 2389 799 2441 fragmentorum,
839 2389 878 2428 in
910 2388 1058 2442 quibus
1087 2390 1177 2428 sive
1209 2388 1442 2440 expressius
1479 2389 1566 2426 sive
1607 2395 1664 2426 te-

174 2462 293 2500 nuius
328 2461 573 2499 Homericae
612 2459 846 2497 imitationis
878 2460 1094 2511 vestigium
1125 2473 1338 2511 agnoscas.
1400 2457 1505 2496 Sunt
1545 2472 1665 2510 porro

173 2531 278 2579 alia,
317 2543 422 2583 quae
456 2529 555 2568 licet
593 2542 672 2567 non
711 2530 773 2568 sui
810 2529 961 2568 similia
996 2530 1039 2568 in
1069 2529 1258 2584 Odyssea
1295 2529 1495 2577 habeant,
1531 2535 1667 2568 tamen

174 2600 381 2640 commode
411 2601 453 2638 in
477 2600 706 2638 narratione
729 2591 1017 2639 maritimorum
1039 2614 1226 2639 cursuum
1255 2606 1294 2638 et
1326 2613 1503 2639 errorum
1534 2599 1667 2637 locum

173 2671 395 2710 obtineant.
422 2669 654 2709 Promiscue
675 2684 728 2708 ex
743 2684 792 2710 eo
809 2684 961 2722 genere
981 2671 1087 2710 dabo
1106 2671 1345 2722 fragmenta,
1367 2683 1535 2722 quorum
1552 2669 1667 2707 nulla

173 2755 362 2795 umquam
393 2741 590 2780 divinatio
618 2741 770 2792 poterit
797 2741 866 2780 vel
896 2741 1078 2780 ordinem
1106 2741 1174 2780 vel
1203 2741 1460 2779 occasionem
1480 2739 1664 2778 definire.

289 2838 332 2872 12
371 2833 506 2869 Ventus
525 2843 686 2870 succasu
709 2832 952 2872 vehementius
970 2831 1130 2882 sufflare
1154 2836 1190 2870 et
1210 2833 1340 2868 calcar
1359 2832 1567 2868 admovere.

172 2934 330 2961 succ-asu
357 2922 449 2961 libri
479 2922 602 2961 Nonii
635 2935 676 2973 p.
707 2926 796 2970 451,
821 2927 868 2963 28
896 2920 1141 2974 depravate,
1181 2923 1222 2960 in
1248 2918 1327 2974 quo
1370 2920 1464 2959 olim
1495 2932 1669 2968 occasum,
