1898 3236
246 241 333 289 1122,
822 247 1165 280 comsscrANEA.

251 357 335 404 λος,
378 369 482 408 quae
521 359 561 393 et
591 354 806 392 terminum
854 353 1091 405 simpliciter
1128 359 1168 392 et
1204 367 1255 392 ex
1291 367 1366 393 usu
1403 355 1732 408 philosophorum

250 440 445 466 summum
472 425 621 464 bonum
649 425 847 475 designet.
1176 426 1179 429 ’

361 499 508 537 Restat
534 496 584 535 de
608 496 865 549 Sesquiulixe
892 494 999 533 bona
1029 509 1123 548 pars
1154 494 1427 548 reliquiarum,
1458 510 1626 548 quarum
1645 497 1732 536 nul-

246 568 327 606 lam
367 567 500 605 adhuc
534 567 778 605 mentionem
808 566 901 605 feci.
960 566 1111 604 Earum
1140 567 1214 606 has
1245 567 1348 606 duas
1376 568 1483 606 inter
1513 581 1556 606 se
1587 569 1730 607 cohae-

247 638 349 676 sisse
374 636 585 689 probabile
617 641 698 675 est:

357 733 399 767 21
432 729 555 765 Pueri
584 729 672 785 dum
702 738 899 775 comesque
929 732 1056 765 tenent
1084 731 1254 778 catayelo
1282 731 1393 777 putri
1418 728 1730 774 montium'laxa.

357 823 402 858 22
431 814 478 856 Ιὴ
513 820 767 866 Thespiadum
794 830 860 856 oro
890 820 1105 865 derepente.

244 908 457 960 Adscripsi
486 908 610 947 Nonii
640 907 890 960 corruptelas
920 907 976 959 (p.
996 913 1077 956 492,
1107 916 1128 949 5
1160 914 1200 947 et
1227 923 1267 961 p.
1298 915 1379 958 518,
1406 909 1483 962 21),
1513 912 1728 950 maximam

194 986 197 989 “
244 986 400 1031 partem
430 993 455 1018 a
483 979 690 1030 Scaligero
722 977 913 1017 sublatas.
974 978 1055 1030 Qui
1092 979 1200 1031 quod
1225 981 1266 1018 in
1297 980 1507 1019 catalectis
1535 996 1575 1033 p.
1606 989 1650 1023 95
1676 983 1726 1022 fr.

245 1057 286 1090 21
323 1050 381 1088 ita
419 1049 577 1089 scribit:
625 1051 821 1088 Pieridum
867 1061 1008 1107 comcs,
1054 1062 1152 1098 quae
1190 1056 1295 1089 tenes
1330 1056 1467 1089 cavata
1498 1055 1612 1099 putri
1641 1055 1728 1101 qelu

245 1124 423 1160 montium
453 1133 567 1166 saxa,
597 1119 775 1171 approbo
802 1125 958 1161 cavatm
984 1123 1067 1169 yelo
1095 1126 1249 1173 autem,
1281 1120 1388 1175 quod
1415 1121 1571 1160 Nonius
1603 1127 1726 1161 attes-

244 1198 363 1240 tatur,
391 1191 572 1230 obtineo:
604 1189 712 1228 idem
745 1189 853 1242 quod
877 1190 1125 1241 transposuit
1146 1194 1259 1238 putri
1287 1194 1392 1239 θεῖα,
1426 1205 1516 1230 cum
1549 1192 1600 1231 de
1634 1207 1725 1232 ver-

245 1262 356 1302 sibus
388 1268 497 1301 certe
525 1274 605 1298 non
636 1261 833 1310 cogitarit,
867 1273 1003 1298 casum
1023 1261 1155 1312 potius
1179 1275 1298 1314 quam
1319 1262 1517 1300 rationem
1537 1259 1725 1314 agnosco.

244 1334 294 1372 In
325 1347 372 1371 eo
401 1332 565 1378 haereo,
597 1336 734 1376 tenent,
767 1330 874 1382 quod
903 1331 1054 1369 nemini
1082 1331 1160 1370 nisi
1192 1330 1368 1371 Oehlero
1397 1332 1564 1384 placuit,
1595 1338 1726 1373 utrum

246 1415 335 1440 cum
364 1401 571 1452 Scaligero
602 1401 643 1438 in
670 1406 774 1438 tenes
804 1415 854 1439 an
877 1415 965 1439 cum
990 1401 1177 1454 Roepero
1197 1407 1345 1440 mutem
1368 1402 1410 1450 in
1430 1408 1549 1441 tenet:
1578 1408 1726 1442 utrum-

244 1486 343 1525 que,
390 1473 476 1511 sive
500 1474 696 1510 Pieridum
727 1484 851 1510 comes
878 1473 1147 1512 nominativus
1176 1474 1283 1520 sive,
1315 1472 1421 1525 quod
1451 1474 1724 1524 praetulerim,

243 1542 456 1582 vocativus
488 1547 548 1580 est
581 1541 649 1593 (cf.
677 1543 798 1581 Ennii
829 1557 920 1583 ann.
950 1550 1039 1594 163,
1076 1550 1179 1594 trag.
1211 1542 1318 1595 318),
1346 1529 1444 1581 licet
1468 1544 1593 1582 tueri:
1631 1558 1723 1596 pos-

240 1599 298 1653 sis
329 1614 470 1660 etiam,
513 1613 753 1665 imperfecta
780 1616 1001 1663 sententia,
1042 1615 1240 1667 suspicari
1278 1619 1420 1652 tenens.
1480 1616 1595 1652 Laeca
1621 1628 1726 1671 mon-

243 1687 333 1722 tium
355 1697 459 1737 quae
483 1683 683 1722 Oehlerus
706 1684 895 1735 explicat,
923 1685 1039 1724 nihili
1061 1690 1170 1724 sunt:
1203 1685 1454 1739 commodum
1475 1697 1588 1731 saxa,
1615 1686 1725 1738 quod

243 1755 453 1805 Scaligero
487 1746 662 1805 praeivit
690 1753 905 1793 Bentinus:
949 1756 1026 1793 nisi
1061 1761 1244 1807 praestat
1273 1759 1368 1794 laxa
1398 1769 1447 1794 ea
1475 1756 1631 1795 ratione
1660 1747 1723 1795 re·

243 1826 391 1873 tinere,
425 1830 469 1863 ut
496 1824 619 1862 Nonii
651 1823 770 1875 culpa
796 1823 1047 1863 desideretur
1076 1839 1223 1864 nomen
1251 1827 1364 1865 velut
1393 1831 1519 1864 antra.
1578 1827 1648 1865 Fr.
1678 1833 1724 1867 22
1762 1824 1765 1833 ’

232 1900 309 1934 ‘oro
338 1909 427 1933 cum
458 1894 683 1946 complures
715 1894 1066 1947 attemptaverint,
1100 1883 1313 1947 praeclare
1342 1896 1514 1935 Rothius
1547 1897 1725 1937 restituit

241 1970 377 2013 choro,
420 1965 756 2019 quemadmodum
792 1965 900 2003 idem
938 1965 1110 2003 Rothius
1147 1965 1255 2017 apud
1286 1967 1461 2005 Nonium
1490 1981 1529 2019 p.
1556 1974 1646 2017 451,
1679 1976 1720 2010 11

241 2050 373 2077 orean.
398 2040 538 2075 astrice
577 2037 752 2075 correxit
792 2037 833 2074 in
861 2038 1030 2074 choream
1058 2039 1237 2075 astricen.
1299 2037 1401 2076 Sunt
1430 2039 1565 2076 autem
1594 2039 1720 2076 mani-

240 2108 336 2146 festi
366 2107 521 2146 numeri
556 2108 598 2145 in
626 2113 797 2159 utroque
829 2108 1069 2157 fragmento.
1129 2108 1195 2145 Ex
1223 2107 1293 2145 illo
1325 2108 1508 2148 Kochius
1534 2110 1576 2148 in
1606 2123 1719 2149 exer-

242 2176 496 2216 citationibus
526 2191 565 2228 p.
597 2184 643 2218 30
668 2177 883 2216 violentius
914 2178 1165 2229 septenarios
1193 2178 1368 2217 effinxit:

1160 2269 1354 2307 Pieridt'cm
1383 2281 1508 2307 comes

444 2339 553 2383 Quae'
580 2328 708 2376 tenent
735 2340 818 2388 yelo'
848 2343 985 2377 cavata
1008 2341 1145 2386 patria
1175 2336 1270 2377 laba-a
1301 2341 1493 2378 mo'ntium.

238 2427 328 2466 Nec
355 2426 538 2466 absimile
569 2428 747 2479 Roeperi
778 2441 994 2466 conamen:

1128 2538 1138 2542 ,
1158 2508 1352 2545 Ρίενίἅάνη
1382 2521 1506 2547 comes

443 2576 552 2621 Quae
578 2581 678 2613 tenet
706 2577 844 2614 cavdta
866 2578 979 2624 putri
1006 2575 1108 2613 sdxa
1139 2579 1318 2615 montiz'cm
1347 2582 1440 2627 9620.

238 2667 353 2704 Idem
379 2667 428 2704 fr.
451 2671 509 2713 22,
540 2665 649 2718 quod
668 2679 789 2716 posse
813 2666 868 2703 ait
889 2665 1099 2717 glyconeis
1122 2666 1309 2715 describi,
1341 2669 1495 2719 maluit,
1528 2684 1606 2722 quo
1628 2685 1716 2709 cum

237 2737 306 2774 illo
339 2742 593 2787 congrueret,
624 2737 721 2775 item
752 2737 993 2787 septenariis
1026 2736 1219 2776 dimetiri:

1043 2823 1109 2857 in·
1118 2820 1372 2869 Thespiadum
1398 2822 1514 2858 choro

439 2888 666 2935 De'repente.
