1898 3236
232 269 310 309 116
661 262 668 268 '
803 250 1145 309 oomnc'rANnA.

229 380 367 419 diendi
391 382 596 420 notionem
626 381 792 429 habere,
821 395 898 422 nec
927 383 1029 420 ratio
1060 382 1177 430 absit,
1210 396 1290 435 qua
1315 383 1553 423 Carneades>
1578 385 1713 436 perfo-

230 450 338 490 disse
367 452 475 490 viam
503 452 672 490 dicatur.
727 451 847 494 Hanc
863 452 981 502 ‚enim
1009 453 1132 491 Nonii
1161 454 1485 505 explicationem,
1517 455 1635 493 modo
1664 469 1715 493 ne

226 522 391 562 nimium
427 535 595 572 urgeas,
634 522 677 560 id
714 521 854 561 valere
892 528 1079 573 apparet,
1122 523 1375 563 Carneadem
1410 538 1491 563 non
1522 525 1716 565 stravisse

227 591 294 632 vel
315 575 611 645 ‘complanasse
653 593 782 640 viam,
820 591 957 638 sede
997 594 1197 632 contrario
1229 596 1345 647 quasi
1371 596 1524 635 eruisse
1553 595 1716 635 humum

226 662 293 699 vel
336 663 533 701 evertisse
576 661 734 703 subula.
807 661 924 712 Quae
960 662 1123 714 quidem
1162 666 1364 704 sententia
1401 679 1489 704 cum
1531 667 1714 718 apposite

227 732 431 782 ingenium
470 731 695 772 Carneadis
737 732 907 780 referat,
945 733 1015 785 qui
1045 746 1149 785 quae
1181 734 1269 772 aliis
1299 736 1375 774 rite
1402 738 1624 789 composita
1652 751 1714 776 es-

225 808 317 842 sent
355 816 404 843 ea
438 804 567 842 acutis
601 802 834 854 disputandi
860 802 1039 842 artificiis
1069 803 1137 842 vel
1174 805 1340 854 argutiis
1371 805 1526 846 diluere
1547 807 1712 854 soleret,

163 912 165 914 ,
225 879 310 915 tum
345 880 439 926 apte
477 888 501 912 a
542 872 755 912 Carneade
796 878 910 923 eruta
940 862 991 911 et*
1012 887 1155 912 eversa
1186 875 1253 913 via
1279 881 1431 916 stratae
1458 892 1506 916 ac
1536 879 1713 917 munitae

225 944 400 983 Zenonis
429 944 655 997 opponitur.
715 944 905 995 Denique
935 943 996 982 illi
1026 945 1252 984 sententiae
1284 946 1478 986 adhaeret
1505 947 1713 987 commode

226 1015 274 1055 fr.
300 1021 321 1058 7
355 1019 524 1055 alteram
560 1018 658 1052 viam
697 1015 935 1063 deformasse
976 1016 1212 1053 Carneadem
1244 1019 1394 1055 virtutis
1422 1030 1442 1056 e
1475 1021 1585 1066 capis
1611 1021 1713 1056 acris

224 1089 343 1127 aceti:
383 1085 494 1139 quod
529 1099 649 1139 quam
679 1097 822 1137 parum
851 1097 948 1122 suae
980 1091 1174 1134 congruat
1201 1087 1399 1137 opinioni,
1438 1087 1577 1126 videat
1605 1088 1711 1126 Roe-

224 1149 344 1207 perus
383 1157 483 1207 ipse.
544 1154 717 1194 Videtur
750 1159 885 1192 autem
923 1152 1001 1191 hoc
1032 1153 1281 1204 fragmento,
1314 1157 1600 1208 interpellante
1632 1158 1710 1196 for-

168 1215 179 1223 ”
222 1232 332 1264 tasse
368 1224 656 1264 interlocutore
703 1225 860 1277 aliquo,
897 1225 1028 1275 repeti
1063 1229 1103 1262 et
1136 1225 1298 1277 planius
1331 1223 1479 1266 eadem'
1511 1228 1712 1267 sententia

224 1295 371 1333 efferri.
449 1294 574 1333 Cuius
618 1300 753 1333 tamen
794 1295 1127 1346 perspicuitatem
1172 1296 1288 1335 nobis
1338 1297 1463 1335 Nonii
1505 1297 1711 1336 festinatio

221 1365 384 1412 invidit,
411 1366 481 1417 qui
511 1378 598 1412 eam
629 1379 710 1403 non
738 1364 857 1403 modo
888 1365 967 1404 fine
1001 1371 1210 1414 curtatam,
1243 1366 1317 1405 sed
1347 1356 1470 1405 etiam
1496 1367 1538 1405 in
1568 1366 1711 1414 mediis

221 1435 356 1493 verbis
396 1436 594 1474 mutilam·
618 1434 847 1487 adscripsit.
907 1436 1014 1474 Nam
1050 1450 1127 1475 nec
1156 1437 1260 1476 haec
1290 1449 1309 1476 e
1340 1441 1450 1486 cupis
1480 1441 1584 1476 acris
1612 1441 1712 1477 aceti

221 1513 316 1559 apte
359 1501 448 1545 cum
486 1507 566 1545 illis
599 1509 697 1545 viam
731 1507 980 1555 deformasse
1006 1507 1215 1557 coniungi,
1249 1520 1326 1546 nec
1356 1511 1506 1546 virtutis
1536 1521 1708 1547 commo-

223 1576 312 1616 dius
349 1576 510 1615 videtur
550 1590 639 1615 cum
670 1580 729 1616 via
764 1590 883 1629 quam
915 1590 1003 1616 cum
1031 1581 1140 1626 capis
1163 1581 1271 1616 aceti
1301 1578 1422 1616 coire.
1482 1577 1590 1615 Acre
1617 1591 1708 1616 ace-

220 1654 318 1696 tum,
350 1648 458 1701 quod
489 1648 692 1687 Carneadi
718 1647 919 1696 tribuitur,
950 1648 1107 1700 pridem
1132 1652 1391 1700 perspectum
1423 1653 1484 1686 est
1513 1647 1599 1687 eius
1620 1646 1708 1699 phi-

221 1718 382 1771 losophi
421 1719 700 1758 mirificamin
735 1724 948 1773 utramque
977 1725 1135 1770 partem
1164 1718 1395 1770 disputandi
1427 1718 1556 1756 aciem
1585 1712 1708 1767 si'gni-

219 1788 355 1827 ficare.
417 1787 482 1826 Cf.
506 1789 737 1840 Roeperum
765 1794 806 1826 et
832 1787 1007 1827 Prelleri
1035 1789 1128 1827 hist.
1157 1789 1304 1840 philos.
1334 1801 1508 1839 graecae
1540 1793 1580 1826 et
1608 1800 1707 1827 rom.

184 1895 185 1899 ,
219 1874 261 1912 p.
291 1865 372 1899 442.
432 1859 716 1897 Differentiam
749 1871 871 1907 vero,
910 1872 990 1911 qua
1017 1859 1147 1898 Varro
1179 1872 1202 1896 a
1233 1859 1397 1897 Zenone
1429 1858 1579 1896 distare
1610 1857 1706 1896 Car-

220 1928 394 1967 neadem
426 1928 544 1977 dicit,
574 1929 684 1976 licet,
715 1941 768 1967 ne
796 1928 955 1979 longius
988 1931 1182 1980 expatier,
1223 1943 1244 1968 e
1276 1929 1482 1969 Ciceronis
1506 1928 1706 1968 Academ.

219 2013 280 2051 pr.
319 1998 524 2052 illustrare
562 1999 607 2036 II
641 2004 707 2046 42,
746 2004 830 2039 130:
875 2000 1108 2046 Aristonem,
1147 2003 1214 2049 qui
1249 2013 1333 2037 cam
1374 2001 1535 2036 Zenonis
1568 1999 1708 2046 fuisset

220 2073 385 2118 auditor,
417 2082 460 2107 re
484 2071 664 2118 probavit
689 2081 736 2107 ea
761 2080 858 2117 quae
887 2071 949 2106 ille
975 2072 1110 2116 verbis,
1142 2073 1237 2108 nihil
1261 2084 1342 2109 esse
1368 2073 1506 2109 bonum
1529 2072 1606 2108 nisi
1632 2072 1707 2107 vir-

220 2147 347 2189 tatem,
379 2153 500 2190 neque
528 2142 667 2178 malam
692 2141 767 2178 nisi
793 2141 896 2188 quod
922 2141 1052 2177 virtuti
1079 2146 1177 2179 esset
1204 2144 1464 2179 contrariam:
1496 2145 1536 2179 et
1567 2139 1617 2178 de
1639 2152 1705 2178 eo-

220 2213 312 2264 dem
341 2214 505 2252 Zenone
535 2210 634 2253 ibid.
666 2216 754 2251 134:
785 2211 886 2248 Zeno
913 2212 952 2247 in
974 2223 1052 2247 ana
1074 2213 1211 2249 virtute
1226 2215 1393 2260 positam
1418 2214 1566 2249 beatam
1592 2214 1705 2250 vitam

213 2289 340 2332 putat.
399 2285 465 2322 De
496 2280 709 2334 Carneade
745 2285 881 2319 autem
914 2279 1010 2318 ibid.
1045 2287 1130 2322 131:
1168 2285 1432 2321 introducebat
1467 2285 1580 2321 etiam
1612 2284 1705 2320 Car-

218 2356 380 2402 neades,
416 2367 492 2392 non
521 2366 594 2401 quo
619 2354 824 2400 probaret,
858 2354 926 2389 sed
948 2357 989 2389 ut
1021 2358 1230 2399 opponeret
1256 2354 1403 2399 Stoicis,
1434 2366 1619 2392 summam
1643 2355 1704 2391 bo-

218 2436 307 2461 num
339 2435 420 2461 esse
446 2425 534 2472 frui
562 2426 607 2459 iis
638 2424 770 2467 rebus,
803 2434 900 2470 qaas
920 2426 1073 2471 primas
1093 2428 1236 2460 natura
1259 2426 1545 2463 conciliavisset.
1585 2424 1704 2473 Haec

218 2493 324 2531 enim
365 2493 495 2544 ‘quae
536 2505 560 2529 a
593 2490 799 2529 veteribus
836 2493 1086 2544 philosophis
1112 2483 1159 2528 τὰ
1187 2492 1324 2543 πρῶτα
1354 2486 1453 2533 κατὰ
1480 2488 1603 2544 φύσιν
1633 2476 1702 2546 ap-

216 2563 372 2615 pellata
408 2561 525 2609 sunt'
567 2561 782 2600 Madvicus
826 2563 879 2601 ad
910 2555 1148 2602 Ciceronem
1181 2562 1231 2601 de
1261 2563 1407 2603 finibus
1437 2564 1478 2608 b.
1512 2570 1551 2605 et
1581 2579 1633 2603 m.
1659 2578 1700 2616 p.

216 2640 286 2675 828
316 2647 377 2687 sq.
410 2632 546 2671 docuit
574 2646 886 2685 nonnumquam,
918 2638 962 2670 ut
991 2646 1014 2671 a
1045 2634 1228 2672 Varrone
1256 2634 1409 2673 factum
1429 2640 1502 2682 est,
1535 2648 1616 2673 non
1636 2647 1701 2673 sa-

215 2706 266 2743 tis
309 2709 496 2745 accurate
534 2703 642 2743 bona
681 2704 859 2755 corporis
898 2702 990 2742 dici.
1052 2702 1115 2742 Cf.
1156 2703 1362 2742 Ciceronis
1404 2704 1455 2742 de
1484 2694 1698 2742 finibus'b.

217 2779 257 2811 et
288 2788 339 2813 m.
369 2774 415 2812 II
447 2781 503 2814 11.
529 2780 586 2815 12.
646 2773 752 2813 Vide
779 2773 1021 2824 Roeperum.
1083 2774 1166 2813 Sed
1195 2774 1301 2812 hanc
1333 2773 1490 2812 omnem
1518 2772 1696 2824 philoso-

215 2843 385 2894 phorum
413 2843 468 2899 de
484 2845 565 2901 fine·
584 2845 652 2883 vel
673 2857 824 2883 summo
846 2842 953 2881 bono
971 2843 1267 2882 dissensionem
1290 2856 1371 2894 qua
1392 2844 1546 2883 ratione
1566 2843 1697 2881 Varro

214 2913 430 2952 tradidisse
465 2914 671 2963 videatur,
715 2927 804 2953 cum
839 2927 890 2953 ex
928 2914 1005 2952 hac
1045 2919 1181 2953 satura
1222 2908 1303 2952 duo¹
1334 2918 1487 2951 tantum
1526 2912 1698 2950 frustula
