1898 3236
241 256 294 296 30
812 260 1150 294 commem-Anu.

239 369 307 421 plo
337 368 546 408 Varronis,
602 367 834 418 Explicatio
862 367 986 406 Nonii
1023 367 1126 406 haec
1164 373 1246 406 est:
1286 367 1605 416 ‘Sarcinatricis',
1643 383 1718 408 non

239 441 281 477 ut
321 441 474 487 quidam
513 439 641 475 volunt
679 435 936 483 ‘samarie-is&
975 441 1087 486 quasi
1125 451 1148 476 α
1185 441 1407 485 sarciendo,
1452 442 1521 477 sed
1546 443 1666 488 mayis
1695 453 1719 476 α

238 513 415 555 sarcinis,
441 510 543 557 quod
560 508 768 554 plurimum
789 509 944 545 vestium
961 514 1087 546 suant.
1120 508 1188 547 Sic
1207 509 1312 547 enim
1331 515 1447 547 suant
1463 523 1536 562 pro
1555 516 1720 555 sumant,

237 582 279 618 in
301 593 378 631 quo
400 576 554 629 aliquid
576 576 664 613 miri
686 576 813 615 sensit
835 575 1057 626 Oehlerus,
1087 580 1262 618 correxit
1281 581 1492 619 verissime
1517 580 1574 629 is,
1600 593 1720 632 quem

237 649 306 688 ille
338 649 491 696 citavit,
527 647 754 687 Gulielmus
782 648 824 686 in
844 634 1127 687 verisimilibus
1145 649 1190 687 II
1217 655 1260 689 12
1290 648 1471 700 (Gruteri
1495 651 1637 702 Lamp.
1655 650 1722 688 III
1753 693 1767 703 .

237 733 277 770 p.
297 717 381 769 288)
410 716 526 756 Idem
547 717 598 756 de
619 717 815 757 machinis
831 718 968 771 lepide
990 719 1231 758 ‘machinae'
1255 721 1311 759 ait
1327 720 1538 772 ‘pergulae
1557 725 1662 768 sunt,
1680 720 1722 758 in

241 787 383 841 quibus
412 787 695 826 sarcinatrices
727 801 826 840 opus
857 788 1111 837 factitabant,
1143 803 1224 829 non
1251 790 1330 829 hoc
1359 791 1476 830 modo
1495 792 1719 839 Minervae,

239 860 313 898 sed
342 860 512 898 alterum
538 871 697 911 quoque
718 857 832 906 illud,
865 860 907 897 ni
928 858 1063 907 fallor,
1086 859 1291 900 Veneris?
1322 860 1411 899 Nisi
1434 860 1541 912 quod
1561 860 1613 900 de
1636 862 1719 913 opi-

237 930 328 969 ficio
356 930 529 970 Veneris
558 928 660 967 nihil
691 942 765 967 nos
793 934 837 967 ut
874 931 1093 980 cogitemus
1122 930 1250 969 verba
1278 931 1473 970 Varronis
1504 931 1720 981 adducunt.

239 1002 355 1040 Alias
373 1001 541 1039 aliorum
557 998 606 1037 de
624 999 819 1038 machinis
840 1013 888 1038 ac
907 1001 1233 1039 sarcinatricibus
1247 1002 1470 1041 sententias
1488 1008 1528 1041 et
1542 1004 1721 1042 testimo-

237 1073 306 1110 nia
323 1077 508 1111 veterum
527 1069 727 1109 Oehlerus
747 1071 965 1121 congessit.
1004 1072 1085 1110 ‘De
1103 1071 1163 1109 re'
1188 1070 1383 1110 lectorem
1399 1071 1511 1111 adire
1534 1072 1645 1112 iubet
1661 1073 1720 1111 in-

239 1148 440 1194 terpretes
463 1140 515 1180 ad
536 1140 697 1179 Horatii
722 1141 982 1193 epistularum
1008 1142 1052 1180 II
1081 1149 1115 1190 1,
1148 1147 1215 1183 140
1233 1156 1322 1195 sqq.
1375 1142 1440 1181 Ibi
1470 1143 1576 1182 enim
1599 1146 1721 1195 poe’ta

240 1216 474 1250 consuetam
489 1210 606 1249 Italis
626 1211 813 1261 gentibus
835 1218 927 1264 post
949 1226 1122 1251 messem
1139 1213 1483 1252 Fescenninorum
1504 1214 1722 1252 carminum

236 1282 443 1320 licentiam
462 1281 674 1321 describit:
706 1288 748 1320 at
766 1283 910 1331 Varro,
942 1289 986 1322 ut
1007 1283 1102 1321 mihi
1120 1283 1284 1335 quidem
1301 1283 1476 1332 videtur,
1507 1298 1588 1323 non
1602 1285 1722 1323 istam

238 1351 496 1399 sollemnem,
540 1365 644 1404 quae
685 1354 897 1405 quotannis
927 1353 1106 1401 redibat,
1143 1353 1371 1401 licentiam,
1411 1353 1484 1392 sed
1512 1355 1721 1406 vulgarem

238 1421 575 1461 vindemiatorum
606 1436 653 1461 ac
685 1423 989 1463 sarcinatricum
1025 1425 1130 1462 inter
1162 1424 1342 1462 laborem
1373 1424 1595 1470 cantitandi
1626 1438 1718 1462 con-

237 1492 491 1531 suetudinem
521 1494 694 1545 attingit.
749 1494 815 1532 De
842 1493 941 1532 sede
971 1507 1019 1533 ac
1051 1507 1158 1533 nexu
1184 1495 1270 1533 eius
1301 1495 1517 1545 fragmenti
1545 1496 1719 1533 fortasse

239 1561 307 1599 alii
346 1562 464 1601 aliter
498 1565 696 1614 sentient,
736 1564 849 1603 velut
885 1577 966 1602 non
999 1565 1136 1616 inepte
1168 1565 1314 1617 aliquis
1345 1564 1471 1604 verba
1507 1566 1564 1604 ita
1597 1566 1718 1603 inter-

237 1638 438 1684 pretetur,
483 1639 528 1672 ut
565 1636 746 1674 nativam
783 1635 909 1673 cuivis
945 1634 1095 1673 homini
1127 1635 1299 1674 canendi
1329 1635 1539 1675 libidinem
1569 1635 1719 1687 signifi-

239 1710 351 1742 cent:
384 1704 720 1756 quemadmodum
747 1705 818 1742 ille
850 1703 1091 1743 Callimachi
1122 1705 1172 1744 de
1202 1706 1360 1744 Hecale
1390 1707 1635 1746 versiculus:

504 1768 645 1813 Ἀείδει
673 1774 742 1813 καί
765 1767 843 1813 πού
871 1789 930 1821 τις
954 1766 1057 1827 ἀνὴρ
1086 1765 1282 1827 ’ὖδαγητὸς
1307 1764 1451 1827 ἶμαῖον.

237 1845 302 1883 De
342 1858 419 1897 quo
457 1845 689 1896 ingeniosus
722 1845 986 1884 Callimachei
1025 1847 1212 1885 carminis
1244 1848 1462 1900 sospitator
1496 1848 1554 1886 ita
1582 1847 1720 1888 scribit

238 1929 278 1967 p.
309 1922 374 1956 31:
421 1916 531 1954 ‘Fuit
560 1921 629 1953 aut
659 1916 700 1954 in
730 1915 893 1955 laudem
923 1917 1094 1965 dictum,
1136 1917 1188 1956 ad
1220 1917 1508 1957 declarandum
1535 1918 1620 1957 late
1649 1932 1719 1970 pa—

238 1992 392 2025 tentem
429 1999 606 2024 amorem
628 1987 865 2025 ‘carminum
903 1987 1155 2040 canendique
1198 1988 1479 2040 cupiditatem,
1519 1989 1597 2028 1100
1634 1989 1720 2028 fere

238 2056 378 2094 modo:
423 2069 498 2106 ego
530 2069 620 2094 mea
650 2056 746 2094 mihi
775 2070 924 2108 parva,
957 2057 1030 2096 sed
1061 2059 1202 2097 suavia
1233 2059 1409 2098 carmina
1439 2059 1568 2110 fingo,
1598 2063 1721 2112 poe‘ta

238 2125 467 2164 modestus:
514 2131 557 2164 ut
587 2127 713 2165 omnis
743 2126 861 2165 homo
895 2128 1022 2177 canit3
1062 2132 1106 2165 ut
1137 2129 1257 2167 etiam
1287 2130 1348 2168 vir
1380 2122 1576 2180 ὖδαγητός
1606 2143 1721 2169 suam

239 2196 482 2235 cantilenam
514 2197 633 2235 canit.
683 2196 767 2236 Aut
794 2198 836 2235 in
866 2197 1221 2250 reprehensionem
1251 2204 1599 2252 contemptumque
1627 2213 1719 2238 con-

238 2272 302 2305 tra
329 2267 463 2306 alios.’
516 2267 663 2320 Itaque
699 2269 830 2319 potuit
866 2270 1041 2308 musicus
1071 2274 1210 2308 nostra
1246 2269 1317 2307 illa
1345 2260 1471 2308 verba
1501 2270 1717 2309 calumnia-

237 2337 334 2385 tori,
369 2350 487 2389 quem
516 2337 712 2388 vidimus,
747 2339 922 2379 obiicere
951 2340 1029 2379 hoc
1054 2340 1141 2379 fere
1167 2353 1310 2378 sensu:
1351 2339 1459 2391 Quid
1491 2354 1553 2379 me
1582 2354 1718 2393 repre-

238 2406 406 2455 hendis,
439 2407 547 2459 quod
573 2409 704 2448 cano?
732 2414 865 2449 nonne
888 2410 1004 2449 vides
1033 2423 1168 2448 omnes
1195 2411 1398 2459 homines,
1430 2416 1472 2449 ut
1497 2410 1717 2449 vindemia-

237 2482 369 2525 tores,
411 2484 455 2516 ut
495 2480 778 2518 sarcinatrices
820 2480 991 2518 canendi
1026 2479 1246 2532 cupiditate
1284 2481 1445 2520 teneri?
1486 2481 1578 2519 Non
1615 2481 1718 2519 haec

238 2546 575 2599 improbabiliter:
608 2550 681 2589 sed
710 2550 825 2597 mihi,
858 2549 1029 2587 maxime
1061 2548 1110 2587 ob
1139 2553 1331 2589 incondita
1359 2563 1520 2598 vocem,
1550 2564 1599 2590 ea
1629 2565 1717 2590 sen-

237 2618 366 2656 tentia
394 2619 670 2670 praeplacuit,
703 2634 822 2672 quam
845 2632 967 2671 supra
990 2626 1152 2658 secutus
1178 2634 1286 2668 sum,
1317 2626 1361 2659 ut
1384 2620 1579 2659 inconditi
1601 2621 1718 2659 rusti-

240 2701 376 2727 corum
407 2695 547 2728 cantus
579 2690 764 2742 exemplo
798 2689 1053 2738 ostendatur,
1087 2690 1137 2729 ad
1166 2697 1293 2729 artem
1324 2690 1495 2729 canendi
1518 2704 1716 2742 non2sup-

238 2765 379 2810 petere
418 2760 486 2798 vel
521 2759 698 2798 indolem
733 2759 802 2798 vel
839 2759 1066 2809 libidinem,
1114 2762 1192 2800 nisi
1229 2761 1436 2801 meditatio
1474 2760 1646 2800 accedat
1678 2768 1717 2799 et

240 2829 430 2868 scientia:
463 2830 797 2882 quemadmodum
825 2827 987 2880 μελέτην
1015 2828 1083 2869 καὶ
1114 2827 1332 2882 ἐπιστήμην
1362 2831 1552 2871 Socrates
1579 2832 1714 2871 Plato-

239 2899 301 2936 nis
331 2900 372 2937 in
401 2900 589 2939 Phaedro
617 2906 780 2953 praeter
811 2901 988 2940 indolem
1018 2903 1185 2954 requirit
1215 2902 1267 2941 ad
1294 2907 1420 2940 artem
1448 2903 1675 2942 oratoriam.
