1898 3236
228 253 282 293 70
797 260 1139 291 commertium.

229 365 412 404 Kochius
457 366 655 417 comparis
693 365 858 404 molossi
898 365 1126 416 exemplum
1162 366 1203 404 in
1240 368 1469 418 septenario
1504 368 1709 408 trochaico

230 437 446 486 agnovisse
475 436 550 475 sibi
579 436 691 474 visus
721 441 796 483 est,
828 435 868 473 in
898 449 945 473 eo
974 435 1112 473 neseio
1141 450 1192 475 an
1222 450 1310 475 eum
1341 438 1475 489 opinio
1504 437 1708 476 fefellerit.

238 506 409 545 Saturae
454 506 559 545 enim
602 511 718 542 Evpxs
751 510 787 542 H·
810 510 936 544 Aorno
961 511 1008 543 To
1035 511 1150 543 Ilum
1191 509 1239 546 fr.
1279 515 1302 549 3
1340 510 1455 546 Cuius
1493 510 1556 546 ubi
1600 511 1711 545 annis

231 578 356 613 multis
396 579 556 615 masculi
592 580 785 627 vestiyium
816 580 1007 620 inventum
1038 583 1093 615 est
1127 577 1428 630 transponendo
1459 578 1709 629 septenarios

230 659 416 685 numeros
444 647 617 686 restituit
645 648 686 685 in
717 647 1073 687 exercitationibus
1101 661 1140 699 p.
1172 653 1236 688 23:

431 750 547 786 Citius
572 751 637 787 ubi
661 752 774 788 annis
800 751 926 788 mallis
951 752 1111 787 masculi
1138 750 1367 788 iuventumsc
1398 751 1604 799 vesce'yium.

228 850 294 888 De
331 850 443 888 cuius
470 849 599 888 forma
626 852 793 889 metrica
822 863 912 890 cum
941 864 1021 889 non
1058 850 1312 899 addubitem,
1349 851 1497 890 haereo
1529 851 1709 890 nonnihil

228 919 269 957 in
300 920 516 967 sententia,
547 933 627 972 qua
655 921 750 959 mihi
779 922 877 960 mire
903 921 981 960 dici
1002 920 1177 970 videtur,
1209 922 1342 960 multis
1364 922 1478 961 annis
1505 923 1532 961 i.
1555 936 1591 961 e.
1615 935 1708 961 con-

228 990 371 1037 tinuis,
412 995 455 1028 ut
484 990 640 1030 Nonius
670 993 848 1044 explicat
873 1007 912 1045 p.
941 998 1023 1040 526,
1056 1000 1120 1040 15,
1153 993 1359 1031 inventum
1389 1006 1437 1031 ac
1466 1007 1547 1032 non
1575 994 1710 1046 potius

230 1074 309 1099 non
344 1062 552 1100 inventum
586 1075 677 1100 esse
717 1063 886 1102 masculi
917 1064 1147 1114 vestigium.
1207 1063 1263 1102 Ut
1301 1076 1382 1101 non
1411 1063 1710 1116 transponendo

229 1131 303 1170 sed
327 1131 546 1171 omittendo
574 1131 768 1171 librarios*
787 1134 1027 1185 peccavisse
1051 1133 1304 1185 putaverim.'
1349 1133 1519 1185 Repono
1551 1134 1675 1172 enim:

432 1234 548 1272 Cuius
575 1235 638 1271 ubi
664 1237 775 1272 annis
805 1236 930 1272 maltis
961 1234 1141 1286 [mellum]
1174 1234 1334 1273 mcisculi
1358 1235 1550 1283 vestiyium

427 1297 678 1342 'Inventumst

229 1393 337 1444 Quid
370 1394 411 1432 in
450 1392 736 1432 vocabulorum
771 1394 1073 1434 molossicorum
1111 1402 1273 1435 veteres
1310 1396 1487 1434 scaenici
1512 1394 1710 1447 probave-

229 1463 320 1511 rint,
351 1462 445 1501 vide
476 1463 517 1502 iu
546 1463 759 1503 Ritschelii
789 1465 1087 1517 prolegomenis
1119 1466 1170 1504 ad
1199 1458 1475 1505 Trinummum
1503 1479 1542 1517 p.
1568 1477 1709 1505 ccxlv.

232 1532 295 1572 Cf.
326 1532 433 1572 idem
459 1533 511 1572 ad
534 1534 620 1573 Mil.
650 1534 752 1586 glor.
782 1548 822 1575 v.
848 1541 930 1576 502.
990 1535 1136 1587 Neque
1164 1543 1386 1590 aequantes
1410 1536 1573 1574 molossi
1602 1550 1710 1575 men-

229 1617 362 1642 suram
399 1618 523 1644 voces
564 1605 855 1645 choriambicas
893 1605 1037 1645 eadem
1080 1606 1178 1646 sede
1216 1621 1356 1646 versus
1391 1607 1520 1645 Varro
1551 1607 1709 1655 vitavit,

230 1674 297 1726 qui
322 1674 378 1712 ita
411 1674 549 1714 scribit
578 1675 618 1714 in
650 1677 806 1715 senario
837 1681 1034 1714 Aaunoms
1062 1677 1110 1715 fr.
1139 1683 1181 1718 6:

428 1767 559 1814 Neque
589 1767 685 1804 αὰνο
717 1773 782 1805 aut
808 1779 946 1816 yenere
973 1774 1040 1806 aut
1069 1769 1267 1815 mz'clliplici
1296 1768 1466 1805 scie'nlia.

228 1854 311 1893 Sed
346 1855 450 1894 haec
487 1855 528 1894 in
568 1861 812 1895 transcursu.
871 1858 1107 1910 Imperfecti
1147 1871 1359 1909 perperam
1388 1857 1491 1896 illati
1523 1858 1711 1910 exempla

229 1940 333 1978 quae
372 1933 483 1965 certa
521 1926 600 1965 sint
633 1926 727 1966 vide
757 1942 797 1980 p.
828 1934 885 1970 43.
945 1930 1077 1979 Pergo
1108 1928 1159 1967 ad
1191 1929 1313 1967 alium
1344 1929 1412 1980 qui
1441 1929 1618 1980 Roeperi
1648 1942 1709 1966 ar-

227 1999 345 2037 bitrio
393 1997 564 2037 debetur
606 1984 655 2036 ex
694 1997 846 2037 eisdem
890 2004 1136 2036 Anonmmmus
1174 2013 1348 2038 versum.
1416 2001 1484 2038 Fr.
1525 2007 1548 2040 3
1581 2001 1707 2038 enim:

225 2072 294 2107 sed
335 2080 455 2118 neque
491 2070 637 2106 vetulus
674 2074 869 2109 canterius
910 2084 1025 2120 quam
1062 2073 1229 2109 novellus
1266 2073 1416 2116 melior,
1460 2083 1528 2108 nec
1562 2073 1709 2108 canitu-

225 2142 307 2177 rlim‘
341 2151 464 2177 comes
499 2143 640 2187 virtus,
680 2155 758 2193 quo
795 2141 1003 2179 metricum
1036 2139 1267 2188 exhiberet,
1310 2141 1511 2192 triplicem
1541 2140 1708 2178 formam

224 2210 453 2262 proposuit:

429 2330 687 2339 .......
720 2303 790 2339 sed
814 2304 936 2350 ne'que
967 2302 1112 2340 vetulu'
1143 2301 1341 2339 canle'rius

429 2371 550 2416 tha'm
581 2374 749 2410 novellus
775 2372 909 2410 me'lior
941 2371 1052 2423 [est]‚
1084 2384 1153 2410 nec
1181 2372 1397 2410 ccinitudim'
1423 2383 1547 2410 comes

439 2442 580 2479 Virtus.

226 2530 314 2569 vel:
375 2561 637 2572 .......
666 2534 735 2569 sed
761 2531 905 2569 ve'culu’
939 2544 1060 2580 neque
1091 2533 1287 2570 canterius

222 2602 291 2640 vel
315 2603 470 2653 potius:
532 2631 825 2642 ........
857 2604 926 2640 se'd
949 2614 1069 2652 neque
1101 2609 1203 2641 vecu'
1231 2603 1438 2641 caradrius,

224 2673 520 2724 Pertemptavit
546 2672 682 2725 plura:
715 2672 924 2725 probabile
954 2673 1066 2711 nihil.
1110 2674 1215 2712 Nam
1251 2675 1284 2712 si
1316 2674 1376 2712 illi
1398 2680 1490 2713 sunt
1510 2664 1724 2714 verifverss

225 2757 305 2790 sus,
338 2743 445 2795 quod
477 2758 575 2783 sane
606 2744 709 2782 alter
739 2757 875 2782 eorum
904 2743 1099 2782 credibile
1130 2744 1284 2792 reddit,
1322 2746 1390 2783 vix
1422 2744 1704 2784 dubium.esse

223 2819 371 2864 potest,
404 2815 498 2865 quin
524 2814 668 2866 prioris
698 2814 792 2851 olim
820 2813 922 2852 haec
953 2815 1083 2853 forma
1111 2815 1253 2853 fuerit:

427 2933 681 2943 .......
712 2906 780 2942 sed
808 2904 878 2941 ne'c
917 2906 1062 2943 vetulus
1090 2905 1297 2943 cante'rius.
