1898 3236
0 2757 2 2759 '
11 2758 14 2770 1

8 2788 20 2800 ,ο

0 2801 17 2946 ξ

165 2851 185 2863 fl

763 241 1106 273 οοΝΙΕοΤΑΝΕΑ.
1628 232 1673 271 21

197 351 262 389 Ita
295 349 410 397 libri,
452 348 531 387 nisi
571 346 679 399 quod
717 351 844 386 inanis
875 350 1024 386 sonitus
1056 347 1190 399 potius
1230 345 1532 393 commendant,
1573 345 1681 397 quod

198 420 358 459 Nakius
390 417 584 471 explicuit
612 417 639 455 l.
671 431 705 456 c.
734 433 775 471 p.
804 424 862 459 38.
916 417 1030 456 Idem
1058 416 1247 469 probavit
1277 417 1318 455 in
1347 429 1469 454 versu
1487 416 1681 455 Varronis

198 497 345 540 typana
374 492 563 534 formam,
604 501 723 539 quam
751 488 1008 527 Hermannus
1038 488 1230 526 restituit:
1275 493 1319 526 ut
1354 487 1434 525 iam
1469 488 1581 539 prius
1611 487 1680 525 he-

199 560 442 600 mistichium
473 559 680 609 eleganter
695 556 909 610 decurrat.
964 558 1013 596 In
1035 558 1164 596 altera
1188 563 1304 609 parte
1328 557 1437 610 quod
1462 563 1524 596 est
1548 543 1685 595 mac'ris

199 635 332 678 deum,
366 645 474 679 cum,
505 627 615 680 quod
644 641 767 678 supra
794 628 1038 679 significavi,
1070 629 1129 681 sic
1158 631 1284 666 matri'
1316 631 1427 666 deum
1457 641 1680 666 accommo-

202 701 289 741 dari
321 706 448 740 metro
483 699 634 752 possit,
673 704 809 737 tamen
848 697 990 736 haeret
1024 699 1239 737 sententia.
1300 698 1407 737 Vide
1447 699 1554 737 enim
1585 698 1683 736 mihi

198 773 303 811 hanc
339 777 599 811 structuram:
637 772 704 808 tibi
734 769 774 810 h.
807 783 842 808 e.
878 768 995 806 matri
1036 768 1156 807 deum
1189 767 1282 820 (nec
1313 770 1419 807 enim
1450 769 1547 821 quid
1573 768 1685 807 aliud

199 844 397 894 cogitetur
416 841 555 893 video)
582 844 745 880 tonimus
770 853 846 879 non
867 842 994 878 inanis
1015 841 1162 877 sonitus
1187 843 1323 877 matris
1337 842 1459 878 deum.
1485 841 1684 885 Herman-

198 928 273 953 nns
297 914 391 952 olim
420 920 544 952 mater
573 916 684 951 deum
715 913 952 963 scripserat,
983 909 1092 962 quod
1120 910 1279 949 Nakius
1307 909 1448 948 laudat
1471 916 1512 949 et
1534 910 1683 948 firmari

200 985 340 1024 codice
368 983 542 1037 quodam
566 983 619 1022 N.
644 982 769 1022 Fabri
799 983 1007 1034 opinatur,
1039 982 1080 1020 in
1103 994 1180 1033 quo
1208 986 1270 1019 est
1295 984 1413 1019 maeri
1431 984 1553 1019 deum.
1597 981 1683 1019 Du-

199 1055 302 1104 bito,
339 1068 434 1093 num
468 1069 517 1093 ea
554 1068 597 1093 re
626 1053 749 1093 valde
788 1044 1002 1092 adiuvetur
1039 1051 1268 1091 emendatio
1297 1053 1541 1099 Hermanni,
1579 1066 1684 1104 quae

155 1138 158 1140 ·
199 1140 289 1165 cum
320 1126 535 1165 conveniat
565 1125 812 1171 sententiae,
842 1123 1075 1161 reiectanea
1102 1129 1238 1162 tamen
1267 1128 1330 1161 est
1354 1121 1405 1161 ob
1429 1123 1685 1161 insolentiam

198 1198 353 1236 formae
383 1196 608 1244 metricae?
623 1209 743 1248 quam
769 1193 865 1232 dixi.
914 1192 1053 1245 Quare
1082 1192 1361 1245 temptandum
1388 1193 1500 1231 aliud
1531 1198 1604 1241 est,
1638 1207 1685 1231 ac

198 1267 294 1306 mihi
332 1267 435 1306 haec
471 1270 606 1305 matris
641 1269 752 1304 deum
792 1263 877 1315 (vel
906 1265 1038 1316 potius
1074 1267 1191 1302 matri
1222 1267 1348 1313 deum)
1381 1265 1686 1317 interpolationi

199 1324 339 1376 deberi
367 1337 579 1386 videntur,
611 1351 692 1390 qua
719 1339 785 1375 libi
810 1348 891 1374 vox
921 1334 1206 1387 explicaretur.
1261 1336 1448 1387 Demptis
1475 1337 1563 1374 istis
1594 1334 1684 1388 pro-

199 1410 304 1448 clive
342 1415 404 1448 est
432 1423 594 1448 versum
622 1408 842 1454 resarcire,
878 1400 923 1444 1'1t
951 1406 1033 1456 legi
1063 1407 1291 1444 conveniat.
1350 1407 1542 1459 Rep0n0:

401 1502 467 1538 tibi
493 1506 662 1549 typana,
694 1511 769 1536 non
797 1499 924 1534 inanis
953 1499 1118 1542 sonitus,
1150 1499 1216 1534 tibi
1239 1499 1413 1535 tonimus.

201 1601 289 1648 Sic,
319 1602 397 1640 nisi
427 1600 535 1653 quod
561 1603 633 1639 dea
661 1613 734 1652 pro
766 1599 894 1637 altero
924 1600 1002 1645 tibi,
1032 1597 1127 1636 olim
1151 1598 1337 1649 Scaliger
1355 1612 1414 1654 ¹ac
1434 1612 1564 1650 nuper
1582 1599 1688 1637 Roe-

199 1685 341 1724 perus,
374 1685 542 1724 quorum
573 1676 708 1709 tamen
737 1675 882 1708 neuter
915 1669 966 1707 de
983 1664 1309 1720 'interpolatione
1341 1669 1558 1720 cogitavit:
1591 1670 1688 1721 quid

201 1741 252 1780 de
281 1742 360 1780 illis
391 1743 527 1780 matris
555 1743 666 1779 deum
698 1737 925 1788 statuerint,
956 1740 1064 1778 infra
1091 1737 1317 1790 apparebit.
1382 1739 1528 1791 Itaque
1558 1740 1687 1791 primo

198 1826 322 1850 versu
352 1811 533 1851 defuncti
565 1810 741 1850 redimus
773 1810 826 1849 ad
855 1811 1040 1858 tertium,
1073 1811 1115 1848 in
1139 1822 1218 1861 quo
1243 1809 1323 1847 iam
1345 1811 1474 1848 minor
1493 1811 1561 1848 vel
1583 1811 1686 1849 adeo

197 1882 309 1921 nulla
334 1882 629 1921 Hermanniani
655 1881 811 1919 inventi
839 1881 942 1920 fides
973 1887 1047 1920 est.
1109 1881 1199 1930 Ego
1231 1879 1325 1917 dum
1353 1881 1477 1919 Nonii
1512 1882 1685 1933 scriptu-

197 1967 282 1992 ram
312 1955 379 1991 tibi
407 1966 508 1991 nunc
538 1954 707 1991 semiviri
734 1957 889 1991 teretem
925 1966 1071 1991 comam
1108 1954 1293 1990 volantem
1327 1954 1475 1990 iactant
1505 1955 1572 1991 tibi
1596 1957 1692 2003 yalli

199 2029 240 2062 et
266 2023 552 2061 necessitatem
577 2037 720 2062 versus
743 2022 977 2071 considero,
1008 2037 1060 2062 ne
1087 2025 1181 2072 yalli
1207 2021 1370 2074 quidem
1391 2023 1586 2062 Varronis
1615 2024 1689 2063 sed

197 2093 503 2145 interpolatoris,
519 2107 610 2133 esse
632 2094 729 2132 mihi
748 2093 997 2145 persuadeo,
1024 2095 1092 2146 qui
1111 2096 1280 2132 semiviri
1300 2087 1544 2145 explicabat.
1576 2096 1687 2146 Ergo

197 2178 363 2203 mancus
396 2170 560 2203 maneat
589 2177 753 2211 versus,
784 2163 858 2202 sed
887 2164 944 2202 ita
971 2169 1015 2201 ut
1044 2177 1095 2202 ne
1126 2163 1366 2202 adversetur
1391 2164 1594 2202 numeris:

402 2261 558 2293 teretem
587 2267 733 2293 comam
764 2256 950 2292 volantem
979 2257 1125 2292 iactant
1154 2256 1221 2292 tibi
1241 2277 1265 2288 υ
1287 2278 1310 2288 υ
1334 2272 1375 2296 g,

202 2344 392 2396 Suppleri
418 2350 554 2396 potest
576 2344 643 2383 vel
669 2346 820 2393 Cybele,
849 2343 917 2381 vel
938 2343 1050 2382 aliud
1073 2343 1215 2382 simile.
1269 2344 1358 2383 Nec
1385 2348 1548 2391 iactant,
1580 2346 1688 2398 quod

202 2429 325 2466 supra
346 2415 476 2465 tetigi,
509 2413 671 2454 obstare
698 2414 960 2453 concinnitati
978 2414 1171 2462 conced0‚
1201 2414 1242 2453 id
1263 2415 1372 2467 quod
1394 2430 1486 2454 mox
1506 2417 1686 2467 patefiet.

200 2485 346 2523 Restat
375 2497 518 2523 versus
548 2484 726 2523 medius:
760 2487 896 2523 tibinos
926 2487 994 2522 tibi
1020 2498 1123 2523 nunc
1152 2474 1329 2525 semiviri.
1382 2488 1591 2538 Integrum
1619 2487 1688 2526 he-

199 2555 444 2594 mistichium
473 2556 696 2608 posterius:

876 2630 944 2666 tibi
971 2641 1073 2666 nunc
1099 2630 1278 2674 semiviri,

200 2716 310 2768 prius
342 2715 449 2755 bona
476 2721 592 2768 parte
624 2721 835 2756 curtatum.
897 2719 1037 2757 Possis
1070 2718 1275 2757 defectum
1305 2718 1373 2758 vel
1403 2720 1460 2758 ita
1490 2721 1688 2758 resarcire

404 2809 539 2845 tibinos
570 2806 750 2858 [canimu'
780 2808 925 2859 modos]

205 2896 337 2935 soluta
364 2897 485 2935 ionici
516 2896 617 2936 arsi:
656 2898 875 2936 molossum
899 2899 941 2937 in
972 2899 1086 2938 initio
1115 2899 1360 2939 hemistichii
1388 2900 1422 2938 si
1447 2913 1527 2938 non
1550 2900 1687 2940 Catul-
