1898 3236
293 247 371 286 170
859 253 1196 286 οοΝιΕοΤΑΝΕΑ.

282 360 395 399 Festi
425 373 465 411 p.
497 365 566 398 220
593 356 686 409 Μ.),
711 371 797 411 ¹quo
827 358 1020 399 Horatius
1048 359 1174 398 utitur
1203 360 1246 398 in
1276 360 1460 413 epistulis
1479 361 1501 399 I
1523 368 1557 409 5,
1577 368 1618 403 31
1649 364 1763 400 rebus

282 433 429 469 omissis
458 431 567 467 Atria
597 434 810 466 servantem
837 433 981 476 postico
1008 431 1105 479 falle
1131 433 1315 470 clientem.
1365 430 1433 470 Sic
1464 433 1640 485 corporis
1668 446 1760 485 par-

281 506 342 539 tes
377 513 466 538 cum
500 498 681 551 partibus
718 498 877 537 aedium
914 499 1044 538 Varro
1073 501 1115 540 in
1145 505 1352 539 MAPKonom
1388 501 1435 540 fr.
1466 508 1490 542 4
1529 504 1762 554 composuit,
1788 544 1798 553 ,

280 582 416 609 sensus
439 576 590 619 portae,
621 580 738 608 venae
765 572 1034 619 hydrayoyiae,
1062 574 1193 610 cloaca
1220 575 1396 610 intestini.
1435 573 1501 611 De
1521 574 1632 612 exitu
1654 573 1761 624 frag-

281 641 407 680 menti
432 639 527 679 vide
552 640 853 679 Lachmannum
879 639 931 678 ad
950 640 1132 681 Lucretii
1155 643 1220 681 III
1247 649 1316 684 906
1336 655 1373 694 p.
1398 649 1460 684 191
1485 649 1526 682 et
1543 644 1597 682 M.
1620 644 1761 695 Haup-

280 712 380 750 tium
410 709 461 749 de
490 710 708 762 Calpurnio
739 715 779 749 et
802 702 1045 750 Nemesiano
1068 725 1108 764 p.
1131 719 1177 754 33
1196 726 1254 765 sq.
1291 714 1456 763 Versus,
1490 714 1559 766 qui
1582 714 1765 752 inessent

280 783 321 820 in
343 781 390 820 fr.
417 788 470 829 ll,
501 793 589 819 cum
613 779 813 820 Oehlerus
842 781 1129 821 ‘restituendos
1159 783 1250 822 aliis
1275 784 1518 837 reliquerit',
1548 796 1654 836 pone
1674 786 1763 822 reti—

281 859 343 891 net
367 853 515 891 inserto
547 856 583 889 ct
610 850 752 891 videor
780 851 876 890 mihi
894 865 967 904 par
987 852 1246 903 pulchrorum
1267 838 1532 894 Sotadeorum
1555 854 1760 893 nancisci:
1782 876 1786 881 .

483 924 573 960 Ciam
602 934 751 960 sumere
780 923 975 971 coepisset,
1006 926 1179 972 voluptas
1212 926 1406 972 recine'ret,

477 985 535 1030 ‘Et
557 1005 642 1030 cum
669 997 731 1030 sat
758 994 926 1039 liaberet,
957 994 1078 1032 satia's
1106 1007 1259 1033 manum
1289 997 1335 1034 de
1363 996 1494 1034 me'nsa

486 1064 657 1101 To'lleret.

279 1134 364 1175 Sed
392 1134 521 1173 missis
550 1134 661 1181 aliis,
698 1146 804 1186 quae
836 1133 886 1173 de
913 1134 991 1172 hac
1021 1140 1158 1173 satura
1185 1134 1387 1174 monenda
1417 1135 1637 1189 aliquando
1665 1149 1758 1187 sup-

277 1210 420 1257 petant
454 1204 590 1256 plura,
629 1208 674 1242 ut
709 1203 874 1243 redeam
908 1204 1028 1255 illuc,
1063 1205 1288 1246 Varronem
1328 1220 1350 1246 e
1376 1206 1588 1259 tragoedia
1612 1219 1760 1258 graeca

276 1282 576 1327 nonnumquam
603 1274 761 1314 colores
793 1274 977 1326 duxisse,
1008 1291 1126 1329 porro
1155 1278 1364 1329 inscriptio
1393 1283 1555 1317 saturae
1584 1282 1759 1315 Anuonnu

279 1353 432 1385 Ionicum
462 1345 612 1384 indicio
648 1350 728 1394 est,
772 1346 884 1385 cuius
920 1347 969 1386 fr.
1002 1355 1023 1388 2
1053 1348 1186 1400 arguit
1214 1348 1266 1387 ad
1294 1347 1595 1401 depingendum
1625 1349 1757 1399 ‘prae-

277 1419 474 1458 clarorum
505 1415 857 1468 philosophorum'
886 1419 1025 1457 nescio
1051 1418 1158 1470 quod
1193 1424 1397 1458 certamen
1423 1432 1592 1458 scaenas
1614 1420 1667 1458 'ex
1686 1419 1759 1458 illa

279 1479 545 1528 celeberrima
582 1482 716 1525 ὅπλων
753 1486 878 1539 κρίσει
913 1494 995 1527 tam
1025 1490 1182 1540 graecis
1222 1503 1342 1542 quam
1377 1490 1552 1529 romanis
1589 1486 1763 1541 tragicis'

275 1564 449 1598 tractata
478 1558 627 1610 petitas
659 1571 760 1598 esse.
819 1558 909 1598 Nec
939 1559 1112 1599 absimili
1141 1572 1292 1612 genere
1322 1559 1511 1599 videntur
1538 1564 1627 1597 Amx
1653 1564 1758 1598 STRA-

276 1644 477 1677 MENTIOHJS,
513 1634 690 1668 Hmcums
721 1634 947 1676 Socnxmcus,
984 1636 1228 1670 PsnunAmms
1257 1631 1467 1671 contineri.
1525 1631 1677 1671 Verum
1705 1630 1758 1671 de

274 1711 508 1743 Eumnsmmus
535 1714 616 1740 non
647 1703 708 1740 'est
739 1701 848 1754 quod
873 1704 914 1742 in
939 1705 1046 1743 tituli
1066 1703 1215 1743 indicio
1238 1709 1282 1745 et
1297 1703 1458 1742 illorum
1481 1701 1758 1754 exemplorum

274 1773 537 1814 similitudine
582 1771 867 1813 subsistamus:
912 1776 1030 1814 immo
1078 1779 1219 1814 extant
1264 1774 1369 1812 inter
1406 1773 1601 1826 reliquias
1646 1774 1755 1826 ipsas

273 1845 449 1895 vestigia
478 1842 698 1896 quaedam,
732 1856 836 1895 quae
868 1852 941 1884 nos
973 1844 1025 1883 ad
1055 1856 1229 1895 graecae
1260 1842 1496 1895 tragoediae
1525 1844 1756 1897 exemplum

276 1914 494 1955 deducunt.
552 1915 646 1954 Non
672 1914 774 1954 illud
804 1915 907 1964 dico,
936 1914 1046 1968 quod
1075 1913 1228 1967 aliquot
1251 1913 1481 1964 fragmenta
1508 1928 1590 1953 non
1615 1915 1754 1968 plures

274 1987 458 2035 insanos,
494 1986 563 2037 qui
589 1986 667 2025 visi
697 1992 791 2025 sunt
816 1986 1040 2032 nonnullis,
1072 1986 1145 2025 sed
1175 1998 1296 2024 unum
1327 1984 1503 2036 aliquem
1533 1984 1669 2025 furore
1706 2000 1754 2026 ac

274 2057 443 2096 vesania
472 2056 667 2107 agitatum
696 2058 878 2097 referunt
907 2056 997 2108 (frr.
1027 2063 1073 2098 43
1101 2062 1142 2096 et
1170 2055 1251 2108 44):
1285 2068 1528 2109 quamquam
1556 2069 1609 2095 ne
1635 2056 1753 2095 huius

274 2126 439 2180 quidem
470 2126 530 2165 rei
564 2127 719 2166 nullum
757 2141 848 2167 esse
863 2126 937 2166 '-ad
977 2127 1091 2166 hane
1105 2128 1386 2180 quaestionem
1409 2131 1654 2165 momentum
1683 2140 1751 2180 ap-

272 2197 444 2251 parebit.
488 2196 735 2249 Expressius
760 2198 975 2249 vestigium
995 2196 1097 2236 illud
1119 2203 1191 2248 est,
1223 2195 1332 2250 quod
1354 2197 1396 2235 in
1419 2195 1468 2234 fr.
1489 2201 1535 2237 43
1556 2209 1752 2248 agnosco:

272 2272 406 2319 vulqus
443 2271 618 2317 confluit,
657 2283 732 2308 non
764 2272 1004 2315 Furiarum,
1032 2271 1101 2307 sed
1131 2282 1347 2318 puerorum
1373 2274 1486 2318 atque
1512 2271 1752 2316 ancillarum,

272 2343 339 2389 qui
365 2370 373 2378 .
405 2369 412 2377 .
447 2370 454 2376 .
489 2342 700 2387 opinionem
725 2340 817 2377 mihi
845 2342 1018 2378 insaniae
1048 2352 1153 2379 meae
1181 2342 1420 2388 confirmant.
1463 2338 1622 2391 Nempe
1640 2338 1752 2392 ‘qued

272 2409 370 2449 dicit
395 2423 470 2448 non
495 2412 719 2456 Furiarum,
752 2410 851 2449 licet
877 2410 1091 2448 Furiarum
1120 2411 1268 2449 mentio
1302 2410 1421 2448 etiam
1451 2409 1499 2447 fr.
1529 2415 1573 2450 45
1600 2409 1751 2449 habea-

271 2486 356 2529 tur,
392 2494 473 2519 non
508 2479 670 2519 videtur
717 2478 962 2519 commodius
1002 2493 1115 2518 suam
1143 2480 1296 2518 habere
1321 2463 1538 2528 rationem‘,
1570 2492 1691 2531 qua-m
1716 2480 1751 2518 si

271 2552 378 2591 hunc
407 2551 706 2591 Varronianum
746 2549 948 2590 furiosum.
974 2555 1128 2589 statuas
1166 2549 1219 2588 ad
1256 2550 1390 2590 Furiis
1421 2549 1563 2600 agitati
1595 2547 1750 2589 Orestis

271 2621 573 2662 similitudinem
602 2619 779 2659 effictum
809 2633 916 2659 esse:
949 2633 1024 2659 non
1051 2622 1274 2667 Furiarum,
1300 2621 1612 2670 quemadmodum
1638 2622 1750 2660 Ores-

271 2701 362 2739 tem,
402 2695 470 2731 sed
499 2703 713 2741 puerorum
752 2693 886 2741 vulqus
921 2703 979 2730 me
1017 2695 1209 2742 cingebat.-
1262 2692 1350 2731 fere
1383 2697 1428 2730 ut
1467 2691 1750 2743 Sesquiulixes

269 2763 547 2803 Varronianus
575 2762 618 2800 in
649 2762 875 2813 cognomini
905 2767 1041 2801 satura
1070 2763 1203 2801 vereri
1233 2775 1277 2801 se
1307 2761 1462 2810 aiebat,
1497 2774 1551 2801 ne
1578 2774 1623 2800 se
1650 2773 1747 2814 quo-

271 2849 350 2888 que
382 2821 593 2882 reducem,
633 2831 967 2885 quemadmodum
998 2831 1163 2872 Ulixem
1191 2832 1378 2882 Homeri,
1413 2837 1576 2884 praeter
1607 2844 1748 2870 canem
1776 2850 1784 2864 ι

271 2909 490 2956 cognoscat
516 2917 648 2944 nemo.
708 2902 770 2943 Of.
793 2916 831 2955 p.
859 2908 940 2944 102.
998 2902 1277 2956 Eiusdemque
1307 2902 1463 2943 Orestis
1490 2915 1630 2955 quem,
1660 2890 1749 2941 cum
