1898 3236
684 245 1028 278 comssc‘rANEA.
1242 277 1244 279 ,
1522 237 1597 278 191

117 353 261 393 deutur
288 367 379 393 esse
410 359 587 393 saturam
611 352 716 392 inter
745 357 786 390 et
814 349 1090 402 logistoricum
1114 349 1298 399 arbitror,
1329 355 1374 389 ut
1396 350 1473 390 hoc
1496 365 1603 390 novo

118 430 353 476 argumento
397 424 534 478 paullo
573 424 723 462 certius
761 422 812 461 de
848 422 983 461 Furiis
1022 421 1175 472 agitato
1211 420 1359 461 Oreste
1387 422 1602 462 iudicetur.

116 497 205 535 Nec
238 496 506 536 Ritschelium
534 497 665 548 ipsum
693 499 791 546 puto
823 492 1184 540 contradicturum,
1225 493 1294 546 qui
1320 507 1411 533 cum
1437 496 1532 534 olim
1561 496 1603 534 in

117 568 200 608 ind.
230 568 323 607 lect.
348 568 478 606 Bonn.
508 565 591 605 hib.
620 571 810 607 1845—46
839 564 1163 626 logistoricorum
1200 564 1402 605 indicibus
1443 567 1603 605 nonnisi

118 639 356 690 cognomina
385 638 569 677 Romana
594 636 886 684 concessisset,
917 641 1063 688 postea
1090 637 1133 674 in
1162 650 1268 675 novo
1298 650 1439 676 museo
1469 637 1600 676 Rhen.

118 710 179 749 VI
207 723 246 762 p.
269 715 338 751 552
378 723 459 748 non
490 714 573 747 tam
609 709 706 747 artis
736 706 884 746 finibus
915 720 1053 746 eorum
1082 707 1288 747 titulorum
1318 707 1495 747 rationes
1527 708 1601 746 cir-

119 781 383 833 cumscripsit,
413 786 456 819 ut
485 793 566 818 non
590 780 710 818 etiam
730 779 911 831 mythica
930 780 1093 818 nomina
1114 779 1356 832 reciperent.
1393 779 1458 818 Of.
1481 780 1619 818 etiam‘

117 864 222 903 quae
258 851 508 891 Mercklinus
548 851 599 890 de
638 851 782 890 eadem
812 851 1052 904 quaestione
1082 850 1244 902 scripsit
1270 850 1314 888 in
1345 849 1490 889 eodem
1518 862 1602 886 mu-

117 934 187 960 seo
215 922 304 960 XII
335 912 404 964 393
429 936 510 974 sq.‚
555 924 667 962 cuius
698 928 835 962 tamen
863 921 1032 969 rationi,
1074 934 1145 959 cur
1171 934 1294 972 aegre
1327 934 1417 959 cum
1444 920 1604 959 insania

117 992 303 1043 coniungi
331 988 504 1031 Romani
532 993 701 1033 alicuius
731 1006 880 1032 nomen
903 992 1093 1046 potuerit,
1127 991 1316 1044 equidem
1335 1005 1416 1030 non
1435 996 1603 1038 tantum,

117 1068 309 1114 quantum
353 1063 441 1114 ipse
488 1063 635 1113 voluit,
685 1064 950 1104 attribuerim.
1025 1063 1105 1102 Illa
1141 1075 1239 1102 vero
1275 1068 1483 1100 Eummumm
1514 1073 1604 1098 cum

118 1131 265 1172 Oreste
303 1132 536 1184 logistorico
570 1137 806 1189 compositio
839 1136 934 1175 inde
964 1133 1148 1178 nonnihil
1177 1133 1374 1186 praesidii
1402 1131 1602 1171 nancisci-

117 1212 193 1251 tur,
224 1203 332 1256 quod
360 1205 532 1243 aliarum
563 1220 724 1260 quoque
753 1214 994 1254 saturarum,
1026 1207 1060 1245 si
1089 1219 1171 1244 non
1199 1208 1449 1256 argumenta,
1486 1207 1528 1240 at
1554 1201 1604 1239 ti-

116 1272 191 1311 tuli
219 1273 383 1326 quidem
413 1288 503 1314 cum
532 1277 776 1328 logistoricis
797 1279 966 1318 mirifice
988 1277 1233 1329 conspirant.
1283 1275 1363 1323 Sic,
1395 1272 1504 1326 quod
1523 1285 1605 1311 non

91 1343 221 1394 ·fugit
249 1344 517 1384 Mercklinum
546 1347 572 1386 l.
602 1362 637 1388 c.
664 1363 703 1401 p.
734 1356 815 1398 3953
840 1348 1111 1400 logistoricus,
1144 1360 1265 1400 quem
1290 1344 1450 1386 Probus
1479 1348 1603 1383 testa-

117 1420 182 1453 tur
211 1414 252 1453 in
282 1415 405 1467 Verg.
433 1418 576 1459 Bucol.
608 1421 669 1460 VI
698 1427 740 1462 31
771 1434 811 1473 p.
841 1427 884 1462 19
913 1419 1045 1467 Keil„
1099 1420 1248 1457 Tubero
1285 1421 1331 1456 de
1361 1419 1505 1466 oriyine
1533 1417 1605 1453 hu-

115 1499 233 1525 mana
263 1488 447 1538 congruit
467 1488 553 1530 fere
580 1503 670 1529 cum
695 1497 844 1540 satura,
870 1505 992 1544 quam
1016 1497 1152 1529 tamen
1173 1496 1351 1528 saturam
1373 1499 1464 1525 esse
1486 1498 1603 1524 nemo

118 1562 290 1596 testatus
321 1564 401 1606 est,
441 1563 650 1599 Asonmmsss
676 1567 770 1600 Hm
797 1570 1004 1601 Auepwrrwu
1034 1566 1198 1598 ΦγοΕωο.
1248 1558 1370 1598 Addo
1404 1555 1605 1608 logistori-

120 1640 209 1666 cum
239 1626 463 1679 (Macrobio
499 1638 663 1671 auctore
693 1633 778 1672 Sat.
809 1634 875 1672 III
909 1631 966 1684 14)
1007 1634 1159 1670 Marius
1188 1633 1234 1670 de
1268 1631 1433 1680 fortuna
1466 1627 1603 1666 confe—

118 1698 288 1750 rendum
322 1714 411 1739 cum
447 1709 585 1742 satura
616 1709 696 1741 Exw
720 1709 773 1741 ΣΕ
798 1709 892 1742 ΠΕΡι
918 1709 1050 1742 Tvxnc.
1100 1705 1227 1743 Porro
1257 1701 1354 1740 licet
1382 1713 1464 1738 non
1491 1699 1605 1750 igno-

118 1782 203 1808 rem
245 1770 342 1824 quid
385 1772 544 1813 intersit
562 1776 694 1816 „inter
733 1775 842 1814 θεῶν
881 1767 1107 1827 ἀνάγνωσιν
1156 1778 1196 1812 et
1235 1771 1386 1810 cultum
1425 1770 1604 1817 deorum,

117 1840 229 1879 iuxta
256 1855 362 1893 pono
384 1839 562 1884 saturam
581 1851 775 1886 Psannnws
801 1854 934 1884 Apono
960 1851 1054 1883 ΠΕΡΙ
1081 1847 1188 1882 Θεωκ
1218 1848 1458 1880 AuAruwcswc
1485 1848 1526 1881 et
1547 1841 1604 1879 lo-

116 1910 369 1962 gistoricum,
406 1915 476 1967 qui
506 1916 652 1956 citatur
691 1920 806 1957 Curio
835 1920 882 1957 de
908 1921 1014 1957 cultu
1038 1920 1207 1956 deorum.
1267 1915 1458 1967 Denique
1486 1913 1605 1952 modo

118 1981 265 2021 certior
291 1982 344 2021 sit
371 1984 588 2027 Ritschelii
617 1988 849 2028 coniectura
880 1988 949 2039 (de
982 1987 1287 2039 disciplinarum
1316 1985 1429 2024 libris
1455 1999 1496 2038 p.
1532 1984 1604 2036 14),

116 2042 529 2109 quae-quam'incerta
549 2065 660 2098 esset
680 2059 767 2111 ipse
785 2058 1041 2109 significavit,
1064 2061 1257 2094 Hrmrmov
1275 2055 1421 2095 librum
1434 2057 1605 2109 primum

116 2122 242 2163 fuisse
272 2128 366 2163 Περι
391 2132 564 2174 lou-omo,
590 2127 930 2181 quemadmodum
956 2128 1127 2167 alterum
1156 2126 1338 2167 eiusdem
1369 2133 1531 2166 saturae
1557 2127 1606 2166 li-

117 2194 233 2234 brum
261 2196 417 2236 Nonius
455 2203 516 2236 ter
546 2202 637 2235 Hm
665 2203 893 2247 ΦιΛοσοφιΑο
924 2199 1088 2248 citavit,
1125 2199 1204 2238 huc
1243 2198 1390 2238 referri
1423 2198 1553 2251 possit
1584 2211 1606 2237 e
1662 2242 1674 2249 ‚

117 2265 361 2316 logistoricis
398 2259 564 2308 Sisenna
601 2273 660 2309 vel
695 2274 741 2310 de
780 2273 952 2310 historia.
1013 2271 1097 2311 Sed
1123 2271 1330 2310 sufficiunt
1363 2271 1521 2322 priora,
1562 2275 1608 2308 ut

119 2338 240 2376 etiam
278 2351 328 2376 ex
366 2337 443 2376 hac
471 2345 587 2390 parte
618 2354 698 2380 non
728 2342 1049 2395 improbabiliter
1078 2342 1222 2382 videar
1252 2355 1342 2381 cum
1372 2347 1607 2380 Eum-:nmmos

119 2407 394 2465 composuisse
423 2410 592 2448 Orestem
622 2413 669 2449 de
700 2415 864 2452 insania.
925 2413 1042 2466 Quae
1073 2413 1236 2467 quidem
1263 2419 1479 2465 augeretur
1506 2428 1604 2453 non-

118 2478 219 2516 nihil
254 2478 538 2531 probabilitas,
579 2481 613 2520 si
653 2482 798 2523 liceret
834 2485 1104 2525 Eumenidum
1141 2485 1292 2525 nomini
1321 2484 1474 2525 addere
1506 2485 1604 2524 alte-

117 2562 225 2596 ram,
272 2562 352 2602 qua
392 2557 671 2602 argumentum
707 2568 856 2606 graece
897 2558 1124 2606 efferretur,
1175 2556 1480 2608 inscriptionem
1516 2554 1608 2606 περὶ

118 2618 272 2669 μανίας.
330 2621 379 2660 In
412 2634 496 2673 qua*
527 2636 570 2662 re
608 2637 689 2663 non
726 2625 886 2676 dubito,
924 2629 1022 2682 quin
1059 2635 1274 2681 patronum
1311 2634 1502 2666 nacturus
1532 2629 1607 2666 sim

69 2714 80 2722 .
119 2691 409 2730 Mercklinum:
452 2692 527 2732 sed
556 2696 728 2746 primum
752 2696 1040 2750 impedimento
1075 2713 1166 2738 esse
1194 2698 1355 2737 videtur
1389 2699 1606 2738 Ritschelii

123 2762 300 2814 opinatio
332 2762 390 2815 (in
418 2777 523 2804 novo
552 2778 690 2804 museo
717 2766 851 2808 Rhen.
873 2769 962 2808 XII
982 2784 1022 2822 p.
1044 2770 1128 2822 152)
1161 2770 1212 2809 de
1233 2770 1606 2819 pseudotraqoediis,

120 2846 225 2885 quae
258 2847 385 2886 nuper
413 2835 662 2887 prodierunt,
694 2837 887 2878 Varronis
914 2839 1086 2891 prolata.
1134 2840 1299 2879 Etenim
1329 2853 1409 2892 quo
1437 2837 1607 2883 viriliter

119 2917 283 2955 prorsus
316 2905 523 2957 singulare
557 2921 705 2947 nomen
730 2908 971 2957 illustraret,
1011 2923 1062 2949 ex
1093 2915 1317 2950 saturarum
1348 2924 1453 2964 quae
1483 2910 1607 2961 vulgo
