1898 3236
733 271 1075 327 communae.
1595 265 1648 307 63

163 378 355 417 Herculis
399 379 623 417 facinorum
668 380 856 418 recensui
895 379 1161 431 praemissum
1196 383 1284 417 erat
1320 379 1371 418 fr.
1413 379 1494 418 VI:
1551 380 1652 425 Quid

164 451 226 487 hic
253 455 411 488 venator
433 462 509 488 non
538 452 664 498 cepit?
710 449 967 504 Sequebatur
991 450 1114 499 longa
1135 449 1261 487 series
1290 447 1501 502 beluarum
1528 462 1649 488 manu

115 520 118 523 ’
164 519 354 558 Herculis
389 520 740 572 interemptarum:
777 521 882 559 inter
920 533 1020 573 quas
1057 519 1189 558 locum
1222 519 1333 558 haud
1367 519 1488 559 dubie
1523 519 1648 559 habe-

166 590 264 629 bant
307 590 372 629 leo
414 591 663 639 Nemeaeus,
711 591 1004 643 Erymanthius
1052 603 1169 642 aper,
1221 580 1314 629 alia.
1374 591 1504 638 Multo
1533 592 1650 644 plura

166 654 272 700 enim
306 658 372 700 hic
400 661 560 714 prolata
588 658 913 713 fuisse'ipsum,‘
938 661 1047 714 quod
1074 661 1169 700 inde
1195 661 1398 715 reliquum
1427 667 1507 710 est,
1540 663 1647 713 frag—

164 738 341 779 mentum
387 731 562 771 indicatx
612 731 730 784 (VII)
769 735 876 771 Adde
916 734 1079 782 hydram
1116 735 1330 787 Lernaeam
1369 739 1405 771 et
1443 736 1649 773 draconem

165 803 432 851 Hesperidum,
461 807 563 852 quod
589 806 730 843 bestiae
750 796 916 854 fuerant
943 806 1137 861 immanes.
1198 806 1247 844 In
1277 804 1421 858 quibus
1447 818 1521 857 pro
1550 808 1653 854 quod

163 870 354 918 librorum
383 887 421 924 p.
449 872 606 922 323,'2·2
636 876 777 928 reponi
803 876 975 915 Rothius
1009 882 1100 926 quot
1133 876 1283 915 suasit:
1315 876 1380 915 cui
1410 875 1650 915 correctioni

165 955 254 980 cum
288 942 506 985 subvenire
539 947 759 987 Bernensis
795 948 995 1000 scriptura
1024 954 1130 996 quolt
1158 947 1367 996 videatur,
1407 947 1561 998 sprevit
1589 952 1647 986 ta-

163 1025 255 1051 men
286 1027 375 1053 eam
407 1014 628 1067 Oehlerus,
668 1032 750 1058 non
790 1032 840 1058 ea
874 1019 1066 1066 ratione,-
1089 1018 1198 1071 quod
1234 1020 1276 1057 in
1312 1018 1483 1057 vetustis
1514 1031 1648 1057 exem-

161 1084 340 1135 plaribus
376 1100 457 1126 non
486 1104 575 1128 raro
602 1094 705 1140 quod
727 1090 850 1130 scribi
883 1103 956 1142 pro
987 1096 1078 1138 quot
1105 1090 1288 1129 novisset
1319 1088 1390 1141 (cf.
1421 1089 1648 1128 Lachman-

162 1168 238 1193 nus
265 1156 317 1195 ad
344 1157 526 1199 Lucretii
547 1161 616 1200 III
636 1161 736 1213 317).
789 1161 895 1200 Nam
922 1160 1030 1200 idem
1060 1165 1165 1198 Monn
1194 1162 1242 1201 fr.
1269 1167 1312 1203 7:

702 1245 804 1293 quo'd
834 1250 911 1282 tum
941 1250 1056 1282 erant
1083 1247 1123 1282 in
1155 1244 1319 1282 Graecia

365 1313 479 1352 Coma'
505 1317 717 1363 promissa,
753 1316 847 1354 rdsa
882 1317 1021 1362 barba,
1052 1316 1177 1365 pallia

354 1385 582 1431 'Trahe'mes

162 1484 251 1526 quot
281 1478 420 1517 scribit
449 1485 623 1530 temere,
665 1495 754 1521 cum
778 1496 895 1522 nemo
923 1483 1059 1522 dicere
1088 1483 1238 1535 possit,
1280 1495 1401 1535 quam
1431 1487 1525 1534 apte
1557 1495 1648 1520 cau-

163 1549 262 1606 salis
300 1536 502 1601 particula
533 1552 628 1591 olim
664 1552 706 1592 in
736 1553 895 1605 integra
924 1554 1126 1593 sententia
1154 1553 1288 1592 locum
1317 1553 1546 1597 obtinuerit.
1597 1553 1650 1591 Et

162 1619 204 1658 in
234 1625 530 1658 Frui-mutianum
560 1622 610 1662 fr.
641 1629 664 1665 3
697 1636 786 1663 cum
817 1625 993 1668 ‘omnino
1021 1621 1288 1678 probandam'
1320 1624 1527 1664 Gulielmii
1557 1637 1650 1662 con-

165 1691 361 1733 iecturam
392 1699 483 1742 quot
513 1693 555 1731 in
586 1693 846 1734 adnotatione
877 1696 1005 1745 dicat,
1044 1695 1184 1735 scribit
1212 1697 1252 1735 in
1284 1702 1418 1735 textu:
1468 1698 1590 1744 Atque
1619 1698 1654 1733 si

70 1774 72 1776 ·
102 1793 106 1796 .
164 1765 316 1811 addam,
346 1767 482 1813 quanti
509 1765 773 1803 misericordia
801 1778 886 1804 mea
914 1768 1143 1806 haeredibus
1172 1770 1264 1805 meis
1291 1772 1383 1814 stet,
1413 1769 1515 1816 quod
1542 1769 1651 1804 mise-

162 1846 228 1872 ros
264 1837 563 1874 sublevaverim!
607 1834 743 1886 inepte
781 1836 816 1874 si
854 1837 1059 1876 causalem
1089 1836 1332 1890 particulam
1359 1838 1502 1877 voluit.
1561 1837 1651 1876 Nec

162 1906 289 1956 magis
329 1919 378 1945 ea
413 1905 615 1958 particula
655 1907 916 1947 nostroloco
955 1909 1162 1948 convenit:
1205 1922 1449 1962 quamquam
1486 1921 1561 1959 ego
1599 1921 1650 1945 ne

84 1988 90 1995 ‘
161 1976 299 2015 Rothii
333 1977 496 2029 quidem
533 1977 776 2016 sententiam
813 1991 975 2032 sequar.
1036 1980 1207 2032 Repono
1242 1985 1320 2026 tot,
1350 1993 1408 2041 eq
1430 1993 1529 2026 usu,
1572 1991 1650 2030 quo

162 2048 324 2099 saepius
353 2050 419 2094 ita,
451 2052 558 2095 adeo,
588 2055 666 2087 tam
697 2061 788 2087 cum
818 2049 860 2086 vi
885 2049 1060 2102 quadam
1077 2053 1119 2091 in
1138 2050 1336 2105 principio
1361 2049 1650 2089 sententiarum

160 2125 381 2170 ponuntur:
417 2121 523 2158 Adde
554 2121 719 2169 hydram
748 2121 963 2160 Lernaeam
994 2127 1031 2161 et
1059 2126 1264 2162 draconem
1287 2122 1568 2170 Hesperidum.-
1600 2124 1652 2156 tot

160 2191 301 2227 bestiae
328 2190 494 2239 fuerunt
523 2194 718 2230 immanes.
759 2193 815 2231 Et
844 2193 884 2231 in
909 2193 1016 2232 hanc
1046 2195 1128 2233 vim
1158 2194 1402 2246 interpretor
1429 2189 1651 2249 Bernensis

161 2280 399 2332 scripturam
411 2287 528 2330 quoti,
552 2281 665 2320 cuius
676 2281 896 2335 antiquitus
908 2283 1013 2322 hanc
1023 2285 1203 2337 speciem
1214 2264 1304 2334 αὖοι
1314 2285 1442 2323 fuisse
1451 2282 1649 2335 suspicor.

274 2362 462 2400 Eundem
486 2362 709 2402 Herculem
734 2363 887 2404 indicat
917 2350 1091 2420 denique
1121 2368 1170 2407 fr.
1195 2368 1322 2407 VIII:
1361 2368 1479 2413 Quem
1507 2367 1652 2403 idcirco

161 2437 268 2470 terra
305 2446 381 2471 non
417 2436 518 2482 cepit
544 2439 581 2471 et
609 2437 757 2474 caelum
786 2441 953 2486 recepit:
991 2439 1152 2491 quando
1183 2439 1384 2479 Hercules
1423 2450 1474 2476 cx
1512 2436 1648 2475 incen-

163 2502 229 2540 dio
260 2502 417 2541 Oetaeo
456 2504 497 2543 in
536 2506 694 2546 caelum
720 2507 905 2548 sublatus
935 2522 1026 2549 esse
1051 2510 1093 2548 in
1121 2509 1271 2550 fabulis
1296 2508 1516 2549 ferebatur.
1558 2507 1650 2546 Hoc

162 2573 212 2611 (le
252 2574 449 2626 scriptura
485 2575 653 2625 adiiei0‚
691 2591 782 2618 cum
818 2593 858 2632 p.
895 2586 987 2630 253,
1036 2588 1059 2623 3
1098 2580 1225 2619 Nonii
1260 2581 1319 2620 ita
1361 2579 1563 2628 tradatur,
1600 2583 1652 2617 'ut

161 2657 285 2695 supra
314 2646 478 2698 scripsi,
506 2660 548 2698 p.
575 2653 664 2696 384,
690 2651 714 2691 3
738 2649 871 2689 libros
901 2643 1041 2691 omne's
1071 2655 1221 2702 recipit,
1253 2658 1294 2692 et
1324 2664 1397 2704 pro
1426 2653 1529 2698 cepit
1558 2650 1649 2687 Lei-

162 2714 329 2754 densem
367 2716 529 2770 quidem
569 2731 658 2758 cum
697 2719 933 2761 Genevensi
971 2726 1098 2772 caepit
1125 2723 1339 2771 exhibere,
1379 2724 1421 2761 in
1453 2735 1532 2774 quo
1563 2735 1648 2759 cor·

160 2786 287 2824 rectio
318 2787 486 2837 librarii,
517 2795 562 2828 ut
590 2790 647 2839 fit,
678 2804 768 2830 cum
797 2793 1002 2844 primitiva
1031 2795 1232 2846 scriptura
1260 2793 1422 2841 coaluit,
1453 2793 1532 2831 nisi
1561 2793 1650 2844 quis

158 2858 313 2896 mavult
346 2859 397 2897 de
429 2873 477 2898 eo
508 2860 713 2900 scribendi
742 2875 894 2913 genere
929 2865 1130 2915 cogitare,
1167 2865 1218 2903 de
1258 2878 1338 2917 quo
1366 2863 1651 2902 Lachmannus

160 2927 261 2967 dixit
291 2930 343 2969 ad
373 2931 555 2970 Lucretii
580 2931 726 2972 librum
750 2933 789 2973 V
813 2939 918 2975 1229.
