1898 3236
291 253 344 292 94
868 260 1207 292 ΟΟΝΙΕΟΤΑΝΕΑ.

289 365 415 404 Andr.
446 372 514 407 633
545 365 621 416 (IV
652 372 683 413 l,
711 363 750 415 9)
778 366 936 416 spurius
966 365 1128 404 videtur
1159 371 1299 404 contra
1331 380 1379 405 ac
1403 367 1519 406 ‘visus
1547 374 1610 406 est
1637 369 1770 407 Lach-

289 450 434 475 manno
468 435 520 473 ad
550 436 731 474 Lucretii
760 436 802 474 Il
835 443 900 477 118
928 451 968 489 p.
995 443 1054 478 81.
1082 456 1085 458 μ
1115 436 1253 488 Quare
1281 436 1359 475 nisi
1390 437 1480 488 quis
1507 450 1579 489 pro
1609 439 1768 477 creticis

287 499 527 545 ba'echiacos
557 519 645 544 esse
676 506 778 544 velit
803 507 1032 560 systematis
1061 508 1334 560 perpetuitate
1366 507 1630 546 cohaerentes

488 578 578 614 εαυό
603 578 707 626 fonte
733 578 789 615 uli
815 590 898 615 cum
927 580 1098 629 inriya'vit
1124 580 1256 617 cava'la
1286 591 1353 616 au-

486 651 581 686 rium
611 649 788 697 (infracta
815 652 854 686 in
882 649 1011 687 silvam
1041 651 1190 698 υοοάηε,

287 720 399 758 cuius
435 719 597 770 generis
630 718 857 771 exemplum
896 719 1189 758 Varronianum
1220 718 1272 759 G.
1310 719 1568 758 Hermannus
1603 717 1770 770 protulit

285 791 326 828 in
367 790 578 827 elementis
617 789 654 828 d.
689 803 739 828 m.
778 803 815 840 p.
852 796 939 838 303,
978 790 1222 841 praestabit,
1263 802 1342 842 quo
1377 790 1588 840 integritas
1626 789 1766 827 cretici

287 867 464 908 constet,
495 860 579 899 leni
607 860 856 899 correctione
884 871 974 898 cava
1003 863 1158 898 Aurium
1199 861 1319 900 scribi
1346 874 1419 913 pro
1450 866 1591 898 cavata.
1648 858 1765 910 Quae

259 937 497 983 >praeterea
525 931 566 969 in
605 943 652 968 eo
683 943 804 968 versu
835 929 884 968 ob
913 944 1099 970 numeros
1130 933 1302 982 mutavi,
1341 937 1434 971 sunt
1462 931 1535 970 illa
1559 931 1681 981 longe
1707 929 1766 968 le-

284 1003 399 1041 viora
440 1002 520 1048 cis,
564 1000 709 1052 quibus
754 1000 936 1039 Kochius
976 1002 1230 1041 tolerabilem
1269 1002 1516 1041 octonarium
1551 1000 1766 1038 iambicum

286 1073 437 1120 effecit,
467 1085 586 1124 quem
610 1070 809 1123 pedestris
833 1072 961 1109 oratio
993 1072 1184 1124 excipiat.
1245 1073 1351 1113 Vide
1382 1074 1467 1111 eius
1496 1071 1702 1109 molimina
1727 1074 1767 1107 et

285 1145 324 1182 in
351 1144 430 1182 hoc
461 1148 502 1181 et
530 1143 573 1180 in
603 1142 653 1180 fr.
672 1148 694 1181 2
724 1155 846 1194 supra
872 1155 911 1193 p.
935 1148 991 1183 66.
1031 1143 1080 1181 In
1109 1143 1226 1182 initio
1258 1156 1399 1183 versus
1421 1154 1440 1180 e
1463 1142 1594 1181 adieci
1615 1142 1765 1187 (Varro

285 1216 536 1252 Parmenone:
569 1211 618 1265 [e]
649 1211 773 1263 cavo),
815 1213 893 1250 iam
920 1226 944 1250 a
982 1213 1138 1265 Popma
1166 1213 1362 1252 nihildum
1394 1212 1444 1252 de
1481 1212 1666 1251 versibus
1700 1224 1762 1249 re-

285 1286 489 1336 cogitante
519 1283 762 1335 praefixum:
796 1288 836 1320 et
862 1287 915 1321 uti
940 1284 1082 1335 scripsi
1102 1297 1173 1336 pro
1201 1290 1247 1322 ut.
1283 1284 1359 1322 Est
1379 1289 1511 1322 autem
1535 1282 1625 1342 hoc,
1657 1281 1764 1334 quod

285 1356 384 1394 (licit
415 1355 564 1403 Van-0,
595 1360 634 1392 ut
664 1366 744 1391 cum
773 1366 932 1404 prorsus
966 1355 1167 1404 geminum
1198 1360 1412 1394 consuetae
1442 1353 1684 1392 Homericae
1722 1352 1762 1390 in

284 1424 648 1477 comparationibus
677 1423 871 1462 locutioni
901 1416 953 1474 ὡς
981 1418 1053 1462 ὅτε.
1114 1423 1255 1463 Simile
1284 1426 1326 1463 in
1354 1431 1564 1463 Panum-nno
1587 1430 1762 1462 IABERATO

283 1497 332 1536 fr.
363 1503 385 1537 2
414 1503 453 1535 nt
475 1499 528 1543 si,
550 1494 674 1547 ¹quod
719 1494 768 1532 ab
807 1493 985 1539 Oehlero
1017 1495 1217 1534 sublatum
1259 1496 1488 1534 Meinekius
1524 1495 1762 1535 vindicavit.

283 1567 606 1619 Comparationis
636 1566 740 1604 ratio
769 1566 810 1604 in
841 1579 888 1604 eo
921 1566 1145 1617 fragmento
1176 1567 1279 1605 haec
1310 1579 1399 1605 esse
1427 1565 1610 1616 videtur,
1648 1572 1693 1604 ut
1720 1567 1761 1605 in

282 1641 427 1679 silvam
457 1639 527 1677 ille
557 1637 696 1675 nescio
733 1636 822 1688 quis
859 1649 1009 1675 vocans
1035 1650 1166 1676 aures
1198 1638 1282 1675 acri
1317 1649 1418 1676 voce
1461 1637 1576 1688 quasi
1613 1635 1762 1687 frigida

282 1724 387 1763 aqua
418 1710 585 1760 irrigare
618 1706 786 1765 dicatur.
854 1705 977 1745 Cuius
1007 1707 1268 1759 metaphorae
1298 1707 1359 1745 vis
1391 1719 1442 1744 ex
1475 1707 1658 1753 irriyandi
1687 1718 1762 1743 usu

282 1781 527 1834 explicatur,
559 1790 677 1829 quem
708 1776 892 1828 Scaliger
917 1777 1094 1815 illustrat
1128 1777 1170 1815 in
1199 1776 1407 1815 catalectis
1444 1788 1484 1826 p.
1522 1781 1569 1816 89
1609 1777 1766 1824 ³irrv'9ui

279 1857 380 1902 ἐρησό-
403 1864 476 1902 per
505 1861 623 1900 poros
653 1861 700 1886 ac
729 1853 884 1885 meatus
913 1849 1152 1886 manantes?
1211 1847 1280 1884 Fr.
1314 1853 1335 1886 5
1365 1848 1453 1883 lotos
1479 1845 1662 1884 Mercero
1691 1845 1760 1884 de—

281 1922 418 1969 betur,
450 1919 543 1958 libri
573 1918 701 1969 (Non.
732 1931 769 1968 p.
799 1923 889 1966 486,
920 1917 981 1970 12)
1011 1921 1105 1957 latos
1135 1917 1338 1970 frequenti
1368 1930 1391 1954 ιι
1420 1921 1460 1954 et
1499 1928 1520 1953 o
1559 1915 1760 1954 vocalium

280 1990 584 2044 permutatione.
646 1987 752 2027 Vide
775 1989 1025 2026 coniunctam
1055 1994 1100 2026 ut
1126 1988 1314 2034 hic-cum
1341 1986 1516 2038 platanis
1542 1986 1616 2024 loti
1647 1999 1758 2024 men-

280 2063 430 2101 tionem
466 2061 506 2098 in
549 2059 691 2098 Culice
722 2073 759 2097 v.
800 2066 888 2101 123:
923 2061 1052 2096 aeriae
1073 2061 1239 2107 platani,
1274 2060 1367 2095 inter
1393 2067 1487 2107 quas
1518 2059 1629 2105 impia
1658 2058 1759 2095 lotos.

279 2132 363 2170 Alii
394 2127 600 2169 malebant
630 2134 752 2178 lucus,
783 2129 890 2183 quod
911 2130 980 2181 qui
1003 2129 1228 2180 praeferet,
1259 2126 1425 2166 debebit
1450 2124 1629 2164 ordinem
1653 2123 1759 2173 frag-

279 2208 501 2240 mentorum
531 2201 714 2239 nonnihil
750 2201 965 2240 invertere.
1020 2200 1102 2238 Ictu
1134 2197 1291 2246 addidi,
1327 2210 1379 2235 ne
1410 2208 1553 2246 versus
1584 2200 1760 2233 ceterum

281 2272 513 2311 certissimis
563 2270 724 2309 indiciis
781 2270 964 2322 proditus
1023 2270 1153 2309 labet:
1217 2267 1551 2323 quemadmodum
1589 2261 1775 2308 ‚Plinius

279 2343 387 2380 XIX
414 2348 437 2382 4
465 2344 634 2380 arborem
662 2342 785 2379 surdis
820 2343 947 2379 ictibus
982 2344 1089 2379 caedi
1116 2333 1233 2379 dixit.
1280 2340 1371 2394 >Est
1400 2342 1533 2376 autem
1570 2339 1642 2373 ictu
1676 2345 1760 2372 cae-

279 2416 375 2450 ditur
403 2426 474 2464 pro
503 2425 575 2450 uno
601 2415 693 2456 ictu,
722 2417 767 2448 ut
791 2411 982 2456 Lucanus
1019 2412 1101 2451 VII
1129 2407 1218 2453 622:
1261 2413 1342 2460 quis
1367 2413 1521 2448 corruat
1551 2409 1647 2444 ictu?
1677 2406 1760 2443 Alta

278 2483 355 2521 hoc
387 2496 506 2521 versu
534 2495 615 2519 non
642 2481 770 2531 magis
799 2481 940 2519 licebit
969 2482 1009 2520 in
1034 2485 1106 2520 alia
1133 2495 1253 2534 quam
1281 2480 1330 2519 fr.
1361 2486 1383 2521 6
1407 2481 1481 2517 alia
1507 2478 1548 2516 in
1573 2479 1647 2514 alta
1673 2488 1756 2513 mu-

278 2560 378 2593 tare.
427 2553 508 2591 Hie
540 2552 645 2590 enim
675 2565 764 2589 cum
795 2557 889 2602 apte
921 2564 972 2589 ex
1001 2551 1083 2590 alto
1114 2551 1226 2589 frons
1255 2549 1445 2589 decidere
1472 2548 1642 2596 dicatur,
1673 2545 1759 2584 illic

279 2625 338 2663 eis
387 2636 491 2676 quae
538 2621 684 2661 ictibus
729 2620 951 2660 caeduntur
990 2620 1198 2660 arboribus
1251 2621 1332 2659 alia
1378 2619 1487 2658 trabs
1531 2618 1758 2671 opponitur,

280 2708 385 2747 quae
416 2691 600 2732 cadendo
628 2692 749 2731 obvia
779 2692 941 2742 frangit.
986 2692 1035 2730 In
1066 2692 1214 2731 ceteris
1240 2691 1513 2729 hallucinatur
1547 2686 1756 2732 Oehlerus,

279 2765 348 2817 qui
377 2767 452 2802 alta
477 2765 588 2812 frons
617 2765 750 2801 decidit
778 2764 944 2801 Palladis
965 2765 1143 2812 platanus
1172 2748 1287 2799 ram¹is
1318 2761 1358 2799 in
1389 2761 1505 2798 unius
1531 2754 1758 2796 sententiae

279 2836 471 2878 ambitum
502 2835 691 2885 coniungi
720 2833 886 2881 suadet,
918 2833 959 2871 in
994 2846 1074 2886 quo
1098 2835 1275 2880 platanus
1297 2831 1348 2869 sit
1373 2827 1597 2880 genetivus.
1639 2824 1777 2887 Quae-

278 2906 424 2954 forma,
468 2919 588 2958 quam
621 2919 700 2944 non
729 2919 834 2956 nego
865 2909 908 2941 ut
928 2903 1079 2941 similes
1103 2903 1246 2941 multas
1274 2900 1342 2952 (cf.
1371 2898 1416 2937 O.
1442 2899 1488 2935 L.
1517 2890 1776 2934 Schneider?
