1898 3236
215 247 292 287 104
306 279 315 282 -
780 254 1121 285 commertium.

209 366 270 399 tes
299 359 472 412 pedibus
500 358 586 397 ibo:
617 360 676 398 sic
709 358 872 397 obtineo
900 361 1055 408 domum,
1087 359 1194 412 quod
1223 354 1434 412 Roeperus
1457 361 1544 414 ipse
1574 362 1690 402 modo

211 430 367 469 delevit
403 429 520 468 modo
547 429 732 479 retinuit,
778 435 896 482 prout
923 430 1130 480 versibus,
1169 445 1268 484 quos
1305 431 1505 483 fingebat,
1543 446 1688 473 conve·

208 502 327 540 niret.
376 500 465 538 Nec
493 499 669 551 approbo
690 504 753 549 qui
779 504 831 547 si,
863 514 941 553 quo
977 515 1028 540 ne
1053 507 1146 554 apte
1172 502 1334 555 quidem
1375 503 1597 543 interiectis
1630 505 1692 544 his

209 574 329 610 album
378 578 431 610 est
466 583 571 609 mare
613 571 867 610 continuatur
902 572 1041 610 oratio.
1113 571 1365 611 Coniunctim
1405 573 1527 612 scribi
1564 578 1696 624 quodsi

210 641 440 694 oportebat,
471 646 515 680 ut
545 640 642 680 alibi
671 642 800 681 Varro
828 642 869 680 in
897 642 959 681 his
989 642 1146 681 saturis.
1183 627 1244 680 ⁴In
1275 656 1321 681 eo
1353 643 1521 690 haereo,
1562 651 1693 684 utrum

209 725 341 751 venero
367 712 597 764 praeferam
627 726 678 751 an
708 720 914 751 revertero:
936 714 1019 752 hoc
1049 713 1175 761 enim,
1204 713 1311 765 quod
1344 719 1407 752 est
1443 715 1570 760 altero
1600 716 1691 755 loco

209 784 351 831 Nonii,
387 797 465 821 non
504 789 565 821 est
600 796 669 821 eur
705 783 1028 834 interpolationis
1065 788 1207 834 arguat
1240 783 1471 834 Roeperus:
1509 801 1602 826 nam
1640 802 1691 826 ne

209 854 286 892 hoc
317 852 479 906 quidem
509 857 637 891 cessim
666 851 729 904 (ut
761 854 813 892 sit
848 854 966 905 retro)
997 861 1182 894 revertero
1209 855 1397 895 abhorret
1421 872 1445 896 a
1474 858 1689 897 latinitate.

189 925 300 962 vHoc
325 924 421 962 novi
451 924 613 975 saepius
642 924 683 962 in
706 923 818 962 libris
839 924 1042 976 praefixas
1068 927 1202 966 verbis
1230 928 1452 980 particulas
1475 928 1690 978 decidisse,

209 1002 255 1034 ut'
290 997 330 1034 in
363 996 421 1034 eis
460 994 657 1045 exemplis
695 1006 802 1045 quae
825 1009 948 1046 supra
968 997 1084 1048 tetigi
1111 1011 1152 1049 p.
1183 1005 1229 1039 98
1257 1004 1296 1036 et
1326 999 1366 1037 in
1392 998 1511 1054 unico
1537 1002 1689 1035 annm

209 1067 432 1117 fragmento
472 1065 701 1104 Meinekius
731 1079 804 1116 pro
831 1067 1069 1113 puellascunt
1095 1068 1270 1107 restituit
1300 1069 1525 1108 rectissime
1553 1076 1691 1107 veteres

207 1142 494 1185 repuerascam,
526 1136 638 1174 cuius
667 1135 782 1174 verbi
809 1141 953 1174 extant
986 1139 1174 1191 exempla
1207 1140 1314 1192 apud
1343 1140 1516 1178 Nonium
1545 1154 1581 1191 p.
1615 1146 1692 1188 165,

208 1213 252 1247 25
291 1211 331 1244 et
366 1205 489 1244 habet
527 1206 699 1244 fortasse
747 1206 995 1257 praesidium
1031 1208 1073 1246 in
1109 1209 1196 1261 ipso
1233 1209 1303 1248 illo
1337 1211 1525 1248 lemmate
1568 1210 1693 1249 Nonii

207 1292 246 1329 p.
273 1285 350 1325 154,
372 1282 412 1318 7:
443 1276 702 1325 ‘puellascere'
734 1260 953 1325 ecfeminari
976 1281 1031 1316 vel
1056 1282 1326 1318 reviridescere.
1361 1281 1551 1332 Denique
1584 1280 1691 1332 quod

208 1362 279 1399 pro
308 1348 373 1386 his
401 1348 447 1384 ab
475 1347 543 1383 Ilio
574 1345 701 1383 altero
733 1345 822 1384 loco
861 1346 983 1384 Nonii
1021 1348 1066 1383 ab
1105 1349 1201 1385 dalio
1237 1347 1443 1398 scribitur,
1482 1350 1578 1389 inde
1610 1364 1691 1389 non

208 1415 527 1469 improbabiliter
556 1416 789 1467 Roeperus,
831 1415 1103 1467 adstipulante
1141 1417 1282 1456 codice
1320 1419 1403 1468 Pii,
1448 1422 1493 1457 ab
1522 1412 1692 1474 Ilios'aljto

209 1487 360 1526 elicuit.
425 1485 602 1524 Tantum
637 1485 686 1524 de
722 1485 879 1524 verbis:
928 1499 1058 1524 novae
1100 1487 1362 1527 difficultates
1401 1490 1635 1529 oboriuntur
1669 1498 1701 1528 a·

208 1563 355 1605 metm,
401 1556 442 1594 in
478 1569 557 1608 quo
600 1569 689 1593 cum
728 1555 821 1594 olim
861 1556 1001 1596 Iunius
1040 1563 1080 1595 et
1108 1558 1262 1608 Popma
1294 1573 1454 1610 operam
1486 1560 1690 1608 lusissent,

206 1629 417 1678 Roeperus
455 1625 604 1663 maiore
639 1625 844 1663 molimine
880 1639 961 1664 rem
1002 1640 1232 1678 aggressus,
1273 1630 1374 1668 nihil
1412 1636 1545 1669 tamen
1583 1631 1692 1683 quod

206 1698 274 1735 vel
305 1697 381 1749 ipsi
418 1689 515 1734 satis
553 1694 710 1732 faceret
743 1696 1005 1746 excogitavit.
1077 1698 1187 1736 Illud
1227 1700 1343 1751 quasi
1381 1700 1613 1752 impingitur
1651 1702 1692 1739 in

208 1782 347 1815 aures,
374 1768 476 1806 haec
505 1765 707 1804 senarium
737 1765 919 1804 efficere:

408 1846 565 1884 Adve'rsi
593 1847 686 1882 venti
714 1844 945 1881 ceciderunt:
975 1845 1132 1882 albz'cmst
1160 1858 1276 1895 mare.

205 1939 254 1976 In
283 1936 454 1989 reliquis
480 1935 650 1972 haerent
680 1934 858 1971 numeri:
889 1946 964 1973 nec
995 1947 1156 1986 quoquo
1184 1941 1224 1974 te
1258 1937 1448 1984 verteris,
1493 1938 1579 1976 sine
1621 1952 1689 1976 au-

207 2007 363 2046 daculis
394 2004 679 2044 mutationibus
709 2004 804 2041 licet
835 2003 980 2061 probos
1005 2017 1144 2043 versus
1171 2006 1381 2057 effingere.
1411 2007 1516 2045 Nam
1539 2007 1688 2059 probus

199 2089 286 2116 'non
318 2082 397 2123 est,
432 2088 550 2128 quem
580 2074 763 2125 proxima
793 2073 983 2122 offerant,
1016 2073 1219 2111 senarius:

409 2154 548 2200 Quodsi
568 2158 731 2201 peryunt
759 2153 895 2189 diz'cte'us
923 2164 1027 2189 mare
1057 2153 1209 2191 volvere.

207 2246 346 2296 Quare
374 2243 483 2282 haud
514 2231 598 2280 scio
626 2256 677 2279 an
706 2241 833 2280 Varro
863 2242 997 2279 versui
1020 2241 1078 2279 illi
1102 2244 1322 2293 prosarium
1351 2257 1572 2284 sermonem
1595 2260 1689 2284 con—

204 2315 436 2361 tinuaverit,
468 2313 535 2366 qui
568 2311 696 2356 sicubi
722 2312 867 2363 paullo·
891 2312 1138 2350 numerosior
1171 2313 1335 2362 excidit,
1367 2313 1586 2354 videndum
1616 2323 1690 2364 est,

204 2398 254 2421 ne
286 2382 391 2435 quod
424 2395 521 2420 casu
551 2382 704 2420 factum
735 2382 787 2419 sit
816 2382 982 2426 consilio
1019 2381 1468 2435 tribuaturscriptoris.
1525 2385 1610 2424 Sed
1640 2401 1691 2426 ne

204 2453 312 2491 desit
339 2453 569 2491 refictorum
599 2465 786 2490 versuum
813 2451 1061 2502 exemplum,
1091 2452 1199 2491 infra
1223 2453 1365 2505 scripsi
1395 2454 1517 2503 tales,
1550 2456 1692 2507 quales

206 2523 369 2575 quidem
398 2523 485 2561 sine
515 2522 734 2560 offensione
762 2521 845 2571 legi
875 2520 1083 2559 videntur:

404 2600 563 2650 Adoe'rsi
589 2615 685 2650 venti
712 2611 945 2648 ceciderunt.-
976 2612 1132 2649 albz'cmsl
1161 2624 1278 2649 mare.

407 2683 542 2727 Quodsi
571 2679 654 2733 [illi]
684 2687 845 2730 peryunc
869 2683 1003 2719 diz'ctius
1034 2694 1137 2719 mare
1166 2684 1326 2728 volvere,

416 2753 556 2790 Vereor
581 2763 626 2788 ne
651 2763 706 2788 me
734 2763 894 2800 quoque,
926 2753 1033 2800 quom
1063 2755 1205 2791 domum
1237 2750 1341 2805 [alta]
1375 2753 1420 2788 ab
1443 2743 1515 2789 'Ilio

407 2822 546 2860 cossim
567 2826 773 2868 revertero,
802 2818 840 2872 [e'
863 2819 962 2874 meis]
985 2823 1140 2870 praele'r
1160 2834 1288 2860 canem

409 2893 612 2940 Coynoseat
629 2903 747 2930 nemo.
