1898 3236
256 285 336 335 126
822 290 1164 322 CONIECTANEA.

254 399 503 438 Basilienses
534 402 575 435 et
605 396 818 444 Oehlerus,
853 409 1021 447 quorum
1049 400 1185 434 tamen
1213 409 1330 434 nemo
1362 395 1475 443 dixit,
1507 395 1575 448 qui
1604 395 1735 447 accipi

254 475 373 518 eaput
401 466 643 507 vocabulum
669 466 836 506 vellent.
881 467 981 506 Mihi
1009 466 1113 505 haec
1143 479 1238 517 pars
1266 466 1483 516 fragmenti
1513 466 1564 504 de
1588 466 1737 504 lacuna

256 544 446 591 suspecta
479 543 553 576 est.
614 537 681 576 Sic
712 537 817 577 enim
845 537 965 576 video
994 535 1235 575 sententiam
1264 535 1459 584 distribui,
1491 541 1536 574 ut
1560 537 1602 574 in
1630 549 1732 584 eum,

256 611 324 663 qui
352 609 617 648 omniaffunus
648 609 774 647 fuisse
806 608 963 656 dicitur,
997 609 1169 660 primum
1198 620 1336 646 omnes
1364 607 1622 646 conferantur
1651 621 1733 646 ma-

255 682 458 732 gistratus,
491 693 658 732 quorum
682 680 809 717 instar
838 680 915 717 tria
944 691 1161 717 munerum·
1171 691 1334 728 genera,
1365 683 1568 729 praetura,
1601 691 1733 717 sacer-

256 751 426 798 dotium,
464 750 632 802 parochi
664 749 839 788 officium
867 750 924 788 ita
952 754 1171 801 ponuntur,
1199 753 1244 784 ut
1275 746 1355 785 illis
1390 749 1532 788 civiles
1560 755 1600 788 et
1629 750 1736 788 sacri

254 824 512 875 magistratus
548 820 727 859 universi
764 819 1172 871 comprehendantur,
1220 818 1420 869 parochos
1466 820 1736 872 apparitorum

256 895 430 934 omnium
467 893 558 932 vice
595 893 797 942 fungatur.
857 890 947 929 Nec
984 890 1089 928 enim
1127 902 1216 927 eum
1255 888 1384 927 solum
1415 889 1495 928 dici
1528 890 1736 942 parochon

255 965 437 1012 arbitror,
468 963 537 1016 qui
564 963 638 1001 ‘rei
667 961 854 1014 publicae
885 974 1008 999 causa
1036 961 1113 999 iter
1142 960 1383 999 facientibus
1406 962 1640 1000 necessaria
1663 961 1734 999 mi-

255 1036 414 1075 nistrat'
446 1033 546 1086 (vid.
572 1033 813 1084 interpretes
841 1032 893 1071 ad
923 1030 1084 1070 Horatii
1114 1035 1188 1068 sat.
1218 1030 1239 1067 I
1269 1036 1303 1077 5,
1332 1021 1416 1082 46),
1450 1031 1523 1070 sed
1555 1032 1733 1085 quicum-

257 1119 334 1160 que
375 1103 676 1156 magistratibus
709 1103 922 1151 Romanis,
967 1102 1063 1156 dum·
1101 1100 1234 1139 officio
1260 1101 1525 1157 ‚funguntun
1571 1109 1735 1155 praesto

253 1183 349 1220 sunt
378 1182 419 1215 et
448 1189 561 1214 suam
589 1188 752 1227 operam
781 1173 991 1225 praebent.
1036 1173 1155 1210 Hanc
1187 1170 1291 1210 enim
1317 1172 1638 1223 explicationem,
1663 1174 1734 1212 im-

255 1249 421 1286 mixtam
462 1247 573 1284 illam
613 1245 776 1299 quidem
810 1244 929 1283 meris
965 1242 1145 1295 ineptiis,
1185 1241 1340 1280 Nonius
1378 1242 1580 1292 significat
1614 1244 1641 1284 l.
1679 1258 1734 1283 c.:

255 1319 460 1356 ‘Paraeos’
499 1331 522 1354 a
550 1328 691 1366 yraeco
728 1321 891 1353 tractum
929 1321 984 1352 est
1013 1325 1168 1358 nomen,
1206 1315 1308 1361 quod
1333 1315 1503 1352 vehicula
1530 1318 1741 1363 praebeat<
1779 1353 1785 1357 ,

255 1391 452 1427 ochemata
481 1390 578 1425 enim
604 1398 760 1435 9raece,
800 1388 916 1423 latine
942 1385 1113 1422 vehicula
1144 1387 1412 1432 appellantur:
1449 1391 1492 1422 ee
1520 1393 1591 1424 est
1621 1388 1736 1436 offi-

189 1448 194 1449 ⁷
255 1462 319 1496 cii
350 1455 511 1507 glenus,
542 1460 667 1506 quod
696 1457 1158 1495 administrantibus
1178 1460 1337 1503 paret.
1383 1455 1433 1493 In
1462 1455 1606 1508 quibus
1635 1457 1735 1494 iniu-

228 1536 230 1539 ’
255 1530 315 1567 ria
354 1528 447 1567 olim
477 1527 678 1576 nonnulli,
718 1540 886 1580 quorum
910 1526 1072 1565 nomina
1101 1525 1217 1576 legas
1244 1525 1352 1577 apud
1377 1526 1624 1578 Roeperum,
1665 1540 1738 1578 pro

256 1601 609 1637 administrantibus
638 1598 795 1637 restitui
825 1599 1108 1647 mayistratibus
1135 1596 1360 1644 voluerunt,
1394 1596 1503 1649 quod
1535 1602 1575 1635 et
1593 1596 1739 1648 probat
1786 1600 1791 1605 ‘
1828 1589 1830 1592 ⁸
1880 1591 1885 1592 ⁷

255 1671 466 1722 Roeperus
497 1675 537 1708 et
567 1669 710 1708 eodem
741 1667 863 1717 modov
892 1667 1037 1718 corrigi
1059 1666 1192 1718 potius
1221 1680 1341 1719 quam
1368 1667 1469 1706 disci
1499 1667 1626 1706 voluit
1654 1668 1737 1706 No-

255 1741 312 1779 nii
343 1753 567 1779 sermonem
585 1754 625 1792 p.
646 1745 704 1787 58,
724 1745 769 1780 33
798 1737 981 1776 ‘accensi'
1003 1749 1125 1786 genus
1141 1740 1294 1776 militiae
1315 1744 1372 1776 est
1386 1740 1740 1777 administrantibus

248 1814 485 1860 proximum.
531 1810 703 1861 Nempe,
734 1808 842 1861 quod
863 1807 995 1846 Nonio
1025 1807 1187 1855 licebat,
1213 1808 1539 1848 administrantes
1563 1808 1659 1847 dicit
1680 1808 1738 1846 of-

255 1881 346 1920 ficio
388 1882 602 1932 fungentes
638 1877 955 1930 (magistratus):
996 1890 1144 1926 parere
1175 1884 1328 1927 autem,
1370 1893 1447 1931 quo
1478 1879 1617 1926 utitur,
1659 1891 1740 1917 non

258 1953 380 1991 dist‘at
408 1952 458 1991 ab
490 1963 688 2004 apparere
713 1949 755 1988 h.
784 1962 818 1989 e.
847 1954 1009 2001 praesto
1038 1962 1140 1988 esse.
1171 1938 1344 1988 *Deinde
1373 1950 1493 1998 idem,
1526 1948 1594 2002 qui
1623 1954 1739 1986 omne

256 2037 383 2074 genus
416 2035 625 2061 munerum
660 2020 768 2060 solus
804 2020 1025 2059 obtinuisse
1061 2020 1292 2068 dicebatur,
1333 2021 1449 2058 simul
1487 2024 1651 2058 senatus
1692 2026 1739 2055 ac

257 2094 428 2147 populus
467 2107 559 2132 esse
597 2092 762 2139 dicitur,
802 2097 845 2130 ut
878 2097 1090 2144 utrumque
1133 2089 1381 2142 reipublicae
1416 2090 1626 2129 Romanae
1657 2088 1739 2126 ele-

257 2169 433 2203 mentum
463 2163 710 2216 complexus,
739 2174 841 2199 unus
864 2162 1095 2201 universam
1127 2162 1334 2200 civitatem
1358 2161 1512 2200 referre
1537 2159 1739 2199 videatur.

217 2279 222 2285 ⁴
255 2236 331 2274 His
362 2235 396 2274 si
424 2235 540 2285 tetigi
570 2239 732 2274 sensum
761 2232 975 2281 Varronis,
1014 2233 1132 2272 simul
1162 2238 1330 2286 apparet
1357 2245 1433 2271 nec
1463 2233 1597 2281 populi
1624 2234 1742 2278 caput

256 2319 376 2357 posse
415 2318 555 2343 verum
590 2319 682 2344 esse
724 2311 764 2343 et
806 2302 1047 2351 desiderari,
1080 2304 1188 2356 quod
1226 2317 1275 2342 ex
1306 2302 1437 2341 altera
1474 2306 1592 2359 parte
1624 2302 1744 2349 capiti

257 2375 522 2426 respondeat,
561 2382 605 2414 ut
642 2376 699 2415 sic
737 2373 936 2426 tripertite
972 2373 1193 2412 illustretur
1230 2373 1353 2412 illud:
1398 2374 1459 2411 hic
1488 2374 1613 2411 omnia
1643 2374 1740 2409 erat.

259 2446 395 2497 Quare
434 2446 491 2483 sic
537 2446 697 2484 demum
734 2450 921 2483 c'onstare
959 2444 1272 2484 concinnitatem
1307 2443 1496 2482 arbitror:
1545 2444 1606 2480 hic
1626 2443 1740 2479 renim

258 2519 382 2555 omnia
412 2522 508 2562 erat,
540 2518 637 2558 idem
667 2517 859 2560 sacerdos,
887 2520 1061 2562 praetor,
1090 2508 1293 2563 parochos,
1323 2517 1421 2552 idem
1447 2518 1615 2558 senatus,
1643 2514 1740 2549 idem

253 2589 438 2636 populus,
482 2598 552 2634 pes
585 2587 683 2622 idem
725 2590 763 2621 et
791 2591 919 2634 eaput.
979 2586 1073 2645 Non
1111 2586 1304 2625 absimilis
1343 2583 1562 2624 earundem
1595 2594 1740 2620 vocum

201 2683 212 2690 x
259 2651 458 2720 oppositio
484 2656 526 2694 in
553 2655 744 2694 Asinaria
773 2656 909 2694 Plauti
936 2662 1005 2698 728
1038 2655 1122 2707 (ΙΙΙ
1150 2663 1183 2704 3,
1214 2656 1297 2709 138)
1332 2670 1413 2708 sq.:

349 2730 428 2766 LE.
458 2729 541 2776 Eyo
572 2725 690 2774 caput
714 2727 803 2764 kuic
831 2729 988 2776 arqento'
1015 2728 1081 2776 fui
1107 2730 1174 2766 tibi
1202 2728 1310 2765 ho'die
1339 2725 1583 2774 reperiunda
1643 2765 1646 2773 =

349 2801 414 2838 LI.
461 2801 543 2848 Eyo
574 2797 648 2846 pe's
679 2797 753 2846 fui.
804 2798 885 2835 AR.
935 2798 1033 2842 Quin
1070 2798 1141 2837 ne'e
1179 2803 1297 2846 eaput
1332 2794 1496 2843 nec'pe's
1525 2802 1739 2830 sermonum

1451 2861 1624 2910 adpdret.

258 2940 345 2978 Iam
371 2939 472 2978 illud
496 2951 656 2993 quoque
681 2937 937 2977 manifestum
963 2942 1036 2986 est,
1063 2935 1240 2989 Roeperi
1252 2933 1483 2987 opinationi
1504 2931 1738 2972 Ventidium
