1898 3236
252 225 303 264 24
820 235 1159 268 comECTANEA.

250 342 387 377 Prisca
417 341 578 377 horrida
608 342 720 377 silent
748 343 879 377 oracla
915 352 1079 388 crepera
1115 345 1153 379 in
1182 347 1408 390 nemoribus,
1439 345 1569 384 recisa
1592 350 1726 395 prisca

249 423 351 448 voce
383 410 633 460 expiscatur,
676 422 764 447 cum
790 410 1000 461 pulchrum
1030 410 1157 460 dicat,
1189 413 1367 452 concedo
1399 414 1449 453 de
1477 415 1725 456 hemistichio

247 480 493 530 posteriore,
524 480 633 531 prius

447 583 608 619 horrida
636 583 748 619 silent
775 584 907 619 oracla

247 695 297 719 ne
337 681 517 731 legitime
557 681 718 734 quidem
753 682 901 721 nedum
943 684 1112 736 pulchre
1150 691 1334 737 paratum
1370 695 1444 726 est.
1504 689 1594 727 Nec
1624 690 1726 729 illud

245 750 402 802 placet,
436 752 544 803 quod
568 756 703 801 prisca
731 767 830 800 vox,
872 768 976 807 quae
1005 755 1213 806 galliambi
1242 757 1310 795 fini
1336 759 1476 810 nequit
1502 773 1724 798 accommo-

246 820 353 868 dari,
392 818 525 860 recisa
559 824 600 861 in
636 824 883 875 superiorem
918 837 1080 863 versum
1110 826 1325 878 relegatur.
1382 829 1440 867 At
1469 829 1565 868 licet
1594 832 1724 882 possis

247 890 341 929 inde
369 891 622 932 tolerabilem
652 894 913 944 galliambum
942 895 1019 933 hoc
1046 896 1164 935 modo
1198 898 1391 948 effingere

444 985 584 1021 Prisca
612 986 772 1022 horrida
801 987 912 1023 silent
943 984 1079 1037 [nunc]
1112 990 1244 1025 oracla
1271 1000 1436 1037 crepera
1499 1008 1501 1011 ⁴

443 1055 492 1090 In
522 1057 748 1092 nemoribus.

242 1146 377 1179 tamen
406 1143 506 1181 nihil
530 1143 725 1196 impedit,
759 1145 969 1197 quominus
1001 1147 1081 1186 alia
1110 1161 1296 1187 mensura
1325 1148 1451 1188 verba
1481 1150 1548 1188 vel
1579 1151 1635 1189 ita
1665 1151 1723 1190 di—

241 1223 275 1247 m
283 1212 452 1251 otiomur
465 1229 473 1252 :

1171 1292 1305 1337 prisca
1333 1291 1493 1328 ho'rrida

442 1354 562 1392 Sile'nc
595 1358 727 1392 oracla
757 1357 921 1403 crepera
951 1360 988 1394 in
1020 1361 1234 1396 nemoribt'ts
1256 1389 1263 1396 .
1287 1390 1295 1397 .

351 1440 585 1482 Revertitur
609 1445 771 1483 tandem
798 1447 923 1484 oratio
956 1447 1006 1485 ad
1034 1447 1133 1486 illud
1162 1448 1449 1500 fragmentum,
1481 1453 1594 1491 unde
1619 1454 1721 1492 haec

238 1514 366 1551 omnis
405 1514 454 1553 de
492 1515 720 1566 galliambis
752 1516 968 1568 disputatio
1002 1530 1146 1556 exorsa
1176 1526 1256 1558 est:
1299 1534 1323 1558 a
1352 1535 1430 1573 quo
1465 1536 1553 1560 cum
1573 1524 1722 1562 Kochii

237 1583 476 1632 galliambos
508 1587 776 1638 reppulimus,
816 1588 1126 1627 conflictandum
1148 1603 1254 1628 nunc
1280 1603 1370 1628 cum
1391 1592 1460 1640 iis,
1496 1606 1594 1645 quos
1615 1594 1720 1632 Roe-

235 1666 355 1703 perus
389 1653 610 1707 (l’hilologi
638 1658 703 1696 IX
731 1672 771 1710 p.
802 1659 886 1710 263)
918 1660 1073 1708 intulit,
1101 1660 1248 1698 'iambis

439 1745 534 1796 [An]
566 1749 640 1786 no'n
667 1751 793 1787 vidisti
820 1749 1069 1788 simulacrum
1098 1752 1216 1788 leo'nis
1246 1754 1297 1789 ad

436 1817 545 1854 Idam
574 1817 637 1868 eso'
668 1820 848 1870 locatum]
881 1823 980 1868 ῐόσο,
1012 1824 1076 1860 ubi
1103 1824 1293 1870 quondam
1323 1824 1445 1860 sz'cbito
1475 1834 1558 1860 eum

439 1888 529 1924 Cum
560 1889 848 1938 qmiclrupedem
874 1893 1054 1930 vidissent
1079 1894 1196 1937 Galli,
1229 1887 1422 1940 tympanis

435 1959 536 1995 Adeo'
563 1960 743 2007 fecerunt
773 1962 988 2008 meinsuem,
1020 1968 1060 2000 uc
1091 1964 1307 2000 tractarent
1331 1975 1458 2001 manu.

233 2056 412 2107 Quorum
445 2060 690 2110 posteriores
731 2063 854 2101 facile
893 2064 1041 2110 feram,
1080 2064 1235 2115 priores
1273 2063 1454 2116 quidem,
1493 2065 1535 2103 in
1574 2065 1716 2117 quibus

231 2127 302 2165 ille
331 2130 483 2167 maiora
513 2130 673 2169 molitus
703 2138 783 2180 est,
815 2147 895 2171 non
922 2135 1008 2172 sine
1035 2134 1257 2172 offensione
1282 2134 1481 2184 leguntur.
1530 2136 1636 2173 Nam
1665 2150 1716 2175 ne

232 2198 328 2249 quid
358 2199 489 2237 dicam
516 2200 566 2238 de
601 2204 824 2253 praemissa
854 2217 905 2241 an
933 2203 1153 2256 particula,
1194 2217 1313 2255 quam
1338 2204 1491 2252 habeo,
1535 2218 1605 2243 cur
1635 2220 1716 2244 non

230 2282 253 2306 a
274 2270 456 2308 Varrone
481 2271 673 2322 scriptam
705 2273 931 2312 existimem
954 2273 1025 2324 (cf.
1050 2273 1170 2313 Oehl.
1194 2273 1257 2311 ed.
1277 2287 1317 2325 p.
1341 2280 1404 2315 117
1431 2274 1479 2314 fr.
1505 2283 1550 2324 53
1585 2289 1624 2327 p.
1648 2283 1711 2317 131

230 2339 277 2376 fr.
308 2347 349 2388 13
381 2354 420 2390 p.
444 2348 512 2382 133
540 2342 588 2379 fr.
617 2349 679 2393 ¹23
709 2357 749 2395 p.
775 2351 842 2385 138
872 2345 922 2382 fr.
952 2350 996 2393 23
1027 2358 1066 2396 p.
1089 2350 1154 2385 221
1177 2345 1226 2382 fr.
1256 2351 1314 2384 20.
1343 2350 1409 2393 213
1438 2361 1476 2398 p.
1498 2353 1566 2389 236
1587 2348 1637 2386 fr.
1658 2347 1711 2399 1),

228 2422 280 2446 ne
309 2412 360 2446 ad
388 2409 550 2461 quidem
579 2413 620 2450 in
648 2414 727 2452 fine
758 2428 900 2466 versus
930 2415 1104 2466 positum
1135 2428 1183 2453 ea
1214 2415 1312 2454 sede
1342 2415 1605 2473 admiserim.⁴
1638 2419 1737 2458 Oui-

228 2480 431 2529 geminum
469 2482 698 2534 exemplum
734 2491 849 2523 extra
887 2490 1111 2536 systemata
1140 2498 1191 2522 nc
1222 2484 1328 2536 apud
1359 2491 1520 2526 veteres
1553 2489 1714 2540 quidem

229 2552 438 2589 scaenicos
469 2553 644 2591 invenio.
699 2554 806 2592 Nam
838 2555 998 2604 gemina
1026 2568 1106 2592 non
1133 2561 1244 2602 sunt,
1277 2569 1379 2607 quae
1406 2557 1447 2595 in
1470 2559 1710 2598 Bentleiano

228 2620 411 2658 Terentii
444 2623 629 2674 exemplo
661 2625 871 2674 leguntur:
904 2624 1086 2663 Andriae
1108 2631 1175 2668 629
1202 2626 1279 2678 (IV
1309 2635 1337 2675 l,
1370 2627 1408 2679 5)

428 2697 563 2750 I'dnesc
592 2722 747 2752 verum?
777 2716 887 2753 immo
914 2717 955 2752 id
974 2720 1031 2752 est
1052 2717 1174 2764 ye'nus
1199 2720 1388 2756 hominum
1410 2718 1641 2766 pessumum,
1671 2723 1709 2757 in

428 2782 661 2831 De'neyando

226 2870 412 2908 Eunuchi
439 2872 541 2923 prol.
567 2879 587 2914 7
