1898 3236
243 224 324 266 162
812 233 1152 266 OONIECTANEA.

1077 342 1180 378 dolia
1210 342 1305 378 nudi

422 411 530 448 .Non
558 411 697 447 ardent
726 411 873 458 cynici.-
909 412 943 447 si
967 410 1138 459 freqeris
1163 413 1287 448 altera
1313 413 1381 459 siet

445 481 541 517 Cras
571 482 723 526 domus,
756 485 823 518 aut
848 483 979 519 eadem
1005 483 1160 529 plumbo
1189 485 1388 520 commissa
1416 484 1591 540 manebit.

242 580 303 619 Cf.
334 581 562 619 Heinrichii
594 570 734 620 eomm.
767 581 820 620 ad
848 582 887 620 h.
914 582 942 621 l.
1004 583 1257 632 Conflnvium,
1296 584 1405 636 quod
1443 587 1628 632 coquinae
1656 585 1722 634 fu-

239 655 382 689 sorium
411 651 509 689 dicit
537 651 748 690 Palladius
776 652 829 706 de
859 666 903 692 re
932 655 1084 693 rustica
1112 655 1134 692 I
1163 660 1221 703 37,
1247 656 1378 706 tangit
1406 655 1615 694 Beckerus
1635 655 1662 694 l.
1686 669 1724 694 ος

239 737 279 774 p.
318 730 392 764 195.
459 725 665 761 Urnarium
701 723 830 762 Varro
865 724 954 775 ips'e
990 725 1167 776 explieat
1198 724 1248 763 de
1277 725 1416 776 lingua
1439 725 1569 765 latina
1591 727 1630 766 V
1659 732 1723 778 126

239 794 295 832 Μ.
354 795 567 832 Praeterea
597 799 682 832 erat
711 797 862 832 tertium
890 806 1010 843 qenus
1040 807 1193 834 mensae
1222 802 1260 834 et
1292 800 1507 845 quadratae
1533 809 1722 844 vasorum,

241 871 414 903 vocatum
444 867 620 903 urnari
627 878 651 903 u
661 878 708 911 m,
741 867 843 914 quod
869 877 991 903 urnas
1016 879 1101 904 cum
1131 879 1233 916 aqua
1247 870 1397 915 positas
1417 870 1469 906 ibi
1484 872 1722 917 potissimum

240 937 429 974 habebant
462 937 500 972 in
540 937 680 973 culina.
740 934 809 973 Sic
847 948 936 973 cum
960 936 1084 988 plana
1114 938 1192 975 sint
1220 936 1367 985 verba,
1408 937 1542 976 dicam
1572 938 1622 977 de
1649 953 1722 977 nu-

241 1007 382 1054 meris,
411 1019 510 1059 quos
537 1004 699 1058 quidem
726 1005 822 1043 mihi
851 1006 892 1043 in
923 1018 970 1044 eo
994 1006 1219 1057 fragmento
1251 1003 1463 1060 percipere
1490 1009 1602 1047 visus
1634 1009 1722 1048 sim.

242 1076 348 1116 Vide
378 1077 484 1115 enim
512 1076 586 1114 hos
618 1076 845 1114 octonarios
871 1075 1089 1115 iambicos:
1646 1070 1649 1075 ⁴

443 1196 451 1204 .
500 1196 508 1204 .
546 1169 614 1205 sed
642 1178 739 1215 quae
769 1167 979 1205 necessitas
1010 1173 1043 1205 te
1074 1169 1174 1205 iubet
1201 1180 1341 1216 aquam
1365 1170 1567 1217 effundere

442 1237 558 1275 Domi
582 1243 696 1275 tuae?
738 1240 773 1274 si
797 1237 890 1276 va'sa
919 1239 1038 1276 habes
1058 1240 1241 1287 pertusa,
1266 1241 1463 1287 plumbum
1484 1240 1559 1277 no'n
1578 1241 1723 1277 habes?

443 1310 503 1347 Ad
522 1308 636 1358 qua'm
655 1319 735 1346 rem
756 1310 862 1347 nobis
877 1308 934 1347 e'st
952 1311 1210 1358 confluvium?
1238 1312 1290 1348 ad
1307 1310 1421 1358 qua'm
1442 1322 1523 1348 rem
1544 1310 1722 1362 [quaeso]

1383 1381 1613 1420 urna'rium?

241 1483 383 1521 quaeso
419 1471 571 1510 inserui
599 1482 721 1509 versu
745 1469 888 1518 tertio,
924 1482 1002 1522 quo
1034 1476 1205 1509 metrum
1241 1476 1457 1510 constaret.
1515 1472 1566 1510 In
1594 1471 1722 1523 primo

242 1544 311 1595 qui
344 1548 406 1581 est
445 1542 579 1580 hiatus
611 1541 751 1589 aqua'm
783 1534 991 1589 effundere
1015 1541 1177 1581 videtur
1207 1541 1372 1580 tolerari
1400 1554 1522 1595 posse
1551 1542 1593 1579 in
1621 1554 1723 1580 voce

240 1612 436 1652 iambica:
478 1613 528 1651 cf.
566 1612 850 1651 Lachmannus
888 1611 940 1651 ad
978 1612 1160 1651 Lucretii
1196 1613 1264 1651 III
1301 1619 1367 1654 941
1415 1611 1486 1664 (cf.
1511 1612 1557 1650 II
1587 1618 1651 1653 991
1682 1624 1724 1664 p.

245 1692 313 1726 130
340 1683 419 1736 sq.)
479 1683 626 1721 Mirum
653 1695 753 1721 sane
780 1682 823 1720 in
851 1682 928 1721 hac
961 1682 1246 1735 disputatione,
1276 1684 1319 1722 in
1347 1696 1427 1736 qua
1453 1683 1613 1736 reliqua
1642 1697 1723 1722 om·-

241 1755 310 1794 nia
347 1754 527 1806 pedestri
560 1766 744 1792 sermone
779 1755 921 1805 peragi
956 1754 1164 1802 videntur,
1202 1754 1280 1792 hoc
1309 1755 1472 1792 unicum
1498 1754 1726 1807 exemplum

241 1826 468 1865 metricum:
510 1824 583 1863 sed
612 1830 748 1863 tamen
776 1837 856 1862 non
886 1823 1177 1875 spernendum,
1207 1830 1252 1862 ut
1272 1830 1390 1877 puto,
1418 1837 1466 1863 ac
1493 1825 1627 1877 potius
1653 1824 1725 1864 eli-

244 1896 390 1936 cienda
426 1910 447 1935 e
477 1896 660 1948 reliquiis
687 1908 808 1949 quam
839 1892 1092 1944 imperiosius
1123 1895 1304 1944 regenda
1333 1896 1529 1935 Varronis
1557 1908 1724 1934 consue-

242 1969 353 2007 tudo.
412 1969 478 2006 Fr.
510 1968 620 2006 XIX
649 1981 688 2019 p.
717 1973 784 2014 48,
812 1972 856 2006 25
879 1965 1002 2006 Nonii
1030 1963 1123 2002 libri
1152 1967 1344 2012 laconam,
1383 1979 1423 2017 p.
1450 1970 1539 2013 488,
1567 1971 1591 2007 8
1619 1968 1724 2004 lacu-

242 2053 344 2077 nam.
403 2039 508 2077 Item
536 2037 607 2076 illo
636 2037 726 2076 loco
753 2039 869 2075 humu
897 2041 1009 2075 reete
1035 2035 1147 2074 libri:
1186 2035 1264 2073 hoe
1296 2048 1384 2072 cum
1409 2038 1522 2074 humo
1551 2035 1592 2074 in
1622 2036 1723 2076 Var-

242 2110 351 2148 ronis
381 2108 567 2161 exemplo
596 2107 783 2146 librarius
812 2108 1011 2156 exararit,
1041 2107 1238 2146 refutatur
1268 2105 1318 2144 ab
1349 2107 1437 2158 ipso
1467 2107 1623 2155 Nonio,
1657 2107 1726 2159 qui

245 2181 282 2218 ei
314 2180 391 2217 hoe
417 2179 564 2218 lemma
595 2179 744 2217 ‘huma'
771 2191 848 2227 pro
879 2181 991 2217 humo
1017 2176 1217 2231 praefixit.
1276 2176 1345 2214 Fr.
1376 2176 1470 2216 XX—
1492 2176 1602 2229 quod
1632 2173 1728 2215 ante*

245 2253 393 2298 antiqui
419 2250 663 2300 vulgabatur
691 2256 732 2289 ut
766 2263 856 2288 oum
887 2249 1095 2299 Scaligero
1132 2252 1172 2286 et
1201 2247 1290 2285 aliis
1320 2246 1475 2286 delevi:
1511 2246 1672 2286 videtur
1702 2260 1726 2285 a

242 2321 322 2359 fine
356 2321 501 2359 indicis
539 2324 720 2370 menippu
760 2325 889 2358 ortum
919 2333 1022 2358 esse.
1083 2318 1291 2368 Coniungo
1323 2323 1458 2357 autem
1485 2321 1525 2355 in
1557 2319 1726 2355 domibus

242 2395 443 2438 latericiis,
485 2405 566 2430 non
601 2397 645 2429 ut
679 2390 855 2430 Oehlero
886 2390 1058 2442 placuit,
1097 2391 1280 2427 latericiis
1313 2410 1370 2416 --
1401 2390 1601 2437 lapidibus.
1632 2416 1640 2420 „
1659 2389 1726 2427 De

246 2461 427 2500 domibus
455 2461 648 2500 latericiis
678 2461 774 2499 vide
801 2461 1029 2499 Vitruvium
1057 2460 1102 2497 II
1131 2464 1173 2500 17
1205 2472 1265 2510 sq.

356 2533 443 2571 Frr.
477 2532 586 2570 XXI
615 2537 654 2570 et
682 2531 814 2569 XXII
842 2531 971 2568 forma
999 2529 1293 2567 enuntiatorum
1322 2530 1519 2568 contineri
1543 2535 1726 2582 apertum

246 2607 326 2640 est:
368 2614 555 2654 ·quorum
595 2601 698 2640 illud
749 2600 880 2640 eidem
919 2600 1170 2638 noviciarum
1203 2599 1444 2639 aedificandi
1492 2600 1727 2639 deliciarum

246 2672 511 2724 contemptori
548 2672 742 2711 attribuo:
781 2672 1014 2724 pavimenta
1052 2670 1108 2708 ait
1134 2684 1359 2710 marmorea
1390 2670 1500 2723 (nam
1529 2671 1595 2708 hie
1629 2671 1724 2722 quo-

246 2756 324 2794 que
352 2742 402 2781 de
432 2744 673 2794 pavimentis
704 2756 834 2782 sermo
858 2741 935 2794 est)
967 2755 1018 2781 ne
1050 2742 1443 2795 commoda'quidem
1469 2753 1559 2780 esse
1589 2739 1725 2778 ambu-

244 2812 405 2853 lationi:
447 2814 631 2866 exemplo
660 2827 750 2853 esse
780 2827 927 2865 magna
956 2813 1188 2866 peristylia,
1223 2814 1265 2851 in
1295 2826 1461 2865 quorum
1490 2809 1724 2863 porticibus,

246 2897 326 2935 quo
365 2883 570 2923 ambulare
600 2884 778 2936 possint,
817 2884 1001 2924 sabulum
1037 2884 1173 2923 iacere
1205 2881 1499 2922 consueverint.
1561 2879 1635 2918 Oui
1663 2893 1725 2918 re-
