1898 3236
703 267 1048 313 comncrANEA.
1238 277 1241 279 ·
1542 259 1620 299 175

131 388 238 415 mum
267 373 377 428 quod
406 387 496 414 eum
526 372 713 428 Cybelen
741 372 792 412 de
821 372 958 412 morbo
985 371 1205 412 adeuntem
1234 372 1360 422 facio,
1402 372 1622 426 disputatio

131 448 222 499 ipsa
254 440 465 498 probabit:
515 445 728 484 Per-tinent
774 449 909 484 autem
947 443 1001 483 ad
1035 444 1144 484 hunc
1178 444 1310 484 locum
1348 444 1472 490 haec,
1514 457 1620 496 quae

132 518 239 557 infra
266 517 422 569 scripsi,
452 515 698 568 fragmenta:

243 608 288 647 II
317 606 397 660 (35)
434 609 498 645 En
531 608 764 645 commodum
793 610 958 655 praeter
985 608 1122 644 matris
1149 607 1260 644 deum
1290 608 1422 645 aedem
1451 608 1621 644 exaudio

130 681 389 728 cymbalorum
419 680 593 717 sonitum.

245 770 310 808 III
335 768 419 821 (38)
451 769 542 807 Cum
573 770 637 806 illo
667 770 793 814 venio,
825 769 931 806 video
957 770 1146 817 yallorum
1173 762 1435 817 frequentiam
1462 769 1501 804 in
1530 772 1619 804 tem-

125 843 205 889 plo,
237 843 304 889 qui
331 842 419 878 dam
448 850 605 878 messem
635 840 797 876 hornam
828 841 997 876 adlatam
1021 841 1219 888 imponunt
1246 839 1385 877 Attidis
1411 841 1530 888 signo,
1558 850 1620 887 sy-

131 914 282 950 nodiam
309 914 498 961 yallantes
529 913 640 951 vario,
666 911 890 948 recinebant
915 897 1052 948 stadio.

242 1002 303 1042 IV
331 1002 409 1050 (36)
461 1003 544 1040 Tibi
570 1007 728 1050 typana,
758 1013 833 1039 non
859 1003 969 1039 inani
993 1003 1130 1048 sonitu,
1161 1004 1279 1040 matri
1288 1001 1297 1017 '
1328 1003 1438 1039 deum

462 1075 641 1112 Tonimus
670 1074 799 1111 modos
827 1074 902 1118 tibi,
931 1083 1000 1110 nos
1029 1074 1096 1110 tibi
1120 1085 1224 1110 nunc
1252 1074 1421 1110 semiviri

461 1146 633 1184 Teretem
660 1157 806 1182 comam
832 1146 1017 1182 volantem
1043 1142 1231 1181 iactama’
1260 1145 1406 1192 yalluli.

246 1236 284 1275 V
316 1235 399 1287 (37)
459 1238 626 1285 Fryyios
650 1246 724 1283 per
753 1246 840 1272 ossa
869 1246 1012 1273 cornus
1041 1236 1198 1283 liquida,
1219 1236 1324 1272 canit
1348 1235 1488 1272 anima.

245 1327 306 1367 VI
334 1326 414 1379 (39)
463 1312 530 1366 Ubi
555 1328 682 1364 vident
708 1336 748 1363 se
778 1325 974 1367 cantando,
1001 1337 1053 1363 ex
1082 1337 1156 1363 ara
1185 1324 1400 1363 excantare
1427 1325 1503 1362 no'n
1521 1329 1622 1373 pote,

457 1399 647 1446 De'ripere
676 1398 866 1445 incipiant

243 1488 327 1528 VII
352 1487 430 1542 (47)
460 1490 594 1538 Apaye
643 1488 683 1526 in
728 1484 935 1526 dierectum
979 1487 1003 1526 ά
1046 1489 1154 1526 domo
1201 1491 1335 1525 nostra
1371 1486 1482 1524 istam
1517 1487 1622 1523 insa-

1301 1568 1305 1569 ’
1347 1556 1516 1595 nitatem.

134 1649 242 1701 Ergo
294 1650 539 1702 necopinato
586 1649 636 1688 ab
682 1648 787 1688 aede
827 1648 1006 1702 Cybeles
1045 1647 1321 1701 cymbalorum
1359 1647 1495 1687 sonitu
1530 1659 1621 1699 per-

133 1726 274 1772 cepto,
316 1721 412 1759 ilico
451 1721 627 1760 furiosus
665 1734 714 1770 eo
756 1720 959 1771 confugit:
1009 1720 1142 1771 gallos
1185 1717 1353 1759 offendit
1386 1718 1427 1757 in
1469 1717 1620 1771 templo

133 1792 347 1846 synodiam
388 1793 620 1832 recinentes
669 1788 815 1830 Attidi.
882 1791 1073 1839 Interim,
1121 1803 1200 1843 quo
1248 1789 1468 1828 salutarem
1517 1788 1621 1828 deae

135 1878 254 1918 opem
284 1865 539 1916 experiatur,
569 1865 612 1903 in
640 1877 753 1903 aram
780 1863 865 1901 eius
896 1862 1044 1901 insilit:
1074 1861 1184 1901 unde
1214 1861 1387 1914 primum
1416 1859 1622 1899 horridule

135 1935 358 1985 cantando,
390 1934 484 1974 dein
511 1933 750 1987 deripiendo
779 1933 879 1986 galli
902 1943 994 1972 eum
1017 1945 1207 1972 amovere
1229 1931 1413 1972 student:
1445 1932 1623 1984 denique

134 2007 344 2061 dereptum
375 2020 428 2046 ex
457 2005 560 2046 aede
590 2019 664 2049 sua
690 2005 908 2057 repellunt.
1357 2055 1361 2059 Ι

243 2078 313 2118 Fr.
335 2064 382 2117 '11
411 2077 505 2117 libri
530 2076 657 2116 Nonii
680 2089 722 2127 p.
743 2082 823 2125 529,
856 2082 902 2116 13
929 2077 1078 2114 domum
1102 2073 1277 2124 tradunt,
1308 2073 1418 2127 quod
1447 2087 1537 2113 cum
1561 2074 1622 2112 ni·

131 2149 206 2188 hili
231 2150 297 2198 sit,
329 2148 504 2188 editores
534 2146 630 2186 inde
661 2160 685 2185 a
713 2146 833 2185 Iunio
863 2148 1012 2184 demum
1041 2146 1278 2197 vulgarunt,
1302 2158 1355 2184 ne
1386 2143 1428 2183 id
1459 2143 1623 2196 quidem

133 2219 357 2272 probabile.
415 2218 598 2270 Reposui
637 2215 747 2269 quod
783 2217 844 2255 rei
883 2218 1074 2256 convenit
1111 2231 1188 2257 nec
1226 2231 1251 2256 a
1278 2216 1428 2255 litteris
1455 2215 1623 2254 nimium

135 2291 345 2329 abhorret:
377 2291 610 2327 commodum
643 2287 864 2338 (e‘moclum).
926 2287 996 2327 Sic
1029 2287 1214 2327 Catullus
1245 2287 1288 2327 X
1315 2293 1360 2329 26
1389 2289 1622 2326 commodum

133 2364 231 2399 enim
275 2362 355 2398 volo
403 2362 455 2398 ad
491 2360 668 2408 Serapim
703 2360 866 2409 Deferri
907 2372 958 2399 ex
995 2373 1194 2413 perquam
1226 2358 1429 2413 probabili
1467 2357 1624 2396 Handii

135 2430 368 2469 coniectura
397 2429 438 2468 in
465 2429 814 2469 observationibus
842 2444 881 2482 p.
913 2436 971 2472 54.
1028 2432 1084 2470 Et
1111 2431 1281 2471 Plautus
1314 2431 1356 2470 in
1385 2429 1526 2470 Sticho
1555 2435 1624 2471 366

135 2514 188 2540 ex
225 2500 366 2539 subtili
401 2500 473 2539 Fr.
499 2499 718 2540 Bucheleri
755 2500 1040 2541 emendatione
1079 2501 1192 2554 (novi
1222 2503 1350 2542 musei
1372 2502 1505 2543 Rhen.
1535 2486 1623 2540 XI‘I

134 2585 174 2624 p.
211 2570 316 2622 132):
371 2572 610 2611 Commodum
647 2573 845 2610 raclio'ssus
881 2584 922 2611 se
955 2585 1043 2612 ecce
1078 2574 1137 2612 so'l
1172 2575 1384 2623 superabat
1420 2574 1472 2611 e'oe
1508 2575 1621 2619 mari,

134 2642 205 2681 ubi
235 2655 326 2681 cum
354 2654 441 2681 ecce
469 2643 724 2695 coniungitur
749 2647 996 2691 commodum,
1026 2650 1070 2684 ut
1096 2645 1137 2683 in
1164 2650 1301 2698 nostro
1325 2645 1510 2696 exemplo
1534 2657 1623 2683 cum

135 2725 202 2759 en,
242 2718 284 2752 et
320 2714 378 2752 sic
408 2713 572 2765 saepius
604 2719 686 2752 tam
716 2717 950 2753 commodum
981 2728 1101 2767 quam
1125 2718 1318 2754 commodo
1347 2721 1388 2753 et
1418 2716 1622 2754 commode.

137 2783 201 2823 Of.
233 2783 418 2836 Scaliger
455 2782 508 2822 ad
547 2782 752 2823 Catullum
789 2797 828 2836 p.
861 2791 918 2825 12.
978 2784 1169 2826 Ceterum
1202 2799 1284 2824 non
1314 2784 1553 2837 infrequens
1582 2785 1625 2822 in

135 2855 342 2894 veteribus
368 2855 482 2894 libris
513 2860 575 2894 est
604 2867 674 2905 ea,
716 2842 918 2908 quasmea
945 2853 1088 2896 'nititur
1115 2856 1366 2904 emendatio,
1407 2857 1558 2894 modum
1585 2860 1627 2893 et

0 2941 7 2960 r
134 2929 285 2965 domum
324 2926 540 2965 formarum
581 2927 838 2979 permutatio.
914 2928 982 2966 Fr.
1020 2928 1086 2967 ΙΙΙ
1126 2928 1271 2980 scripsi
1326 2940 1378 2967 ex
1410 2926 1626 2966 luculenta
