1898 3236
281 236 359 278 158
671 227 677 233 ’
851 243 1192 276 οοΝιΕοΤΑΝΕΑ.

389 353 527 404 Atque
554 350 658 388 haec
690 350 768 388 duo
798 350 1026 401 fragmenta
1056 350 1178 388 facile
1214 350 1386 388 transire
1414 349 1584 389 licebat:
1635 350 1757 402 longe

278 422 507 474 impeditius
536 421 775 473 proximum,
808 421 920 460 cuius
949 421 1054 460 hanc
1086 421 1264 473 speciem
1293 420 1451 459 Nonius
1479 420 1684 473 perhibuit
1715 435 1755 473 p.

232 519 235 524 ‹
281 500 366 540 140,
398 499 420 534 3
461 492 720 530 ‘Maeander'
751 498 809 530 est
836 495 1017 540 picturae
1046 503 1167 540 =aemes
1194 495 1357 530 adsimili
1388 491 1528 542 (immo
1558 493 1605 528 ab
1630 493 1758 542 simili)

277 575 392 612 apere
417 565 725 613 labyrinthorum·
749 569 886 612 ortum,
911 565 1106 602 claviculis
1131 566 1340 613 inliqalum.
1394 565 1518 602 Varro
1551 564 1648 612 Tase
1675 564 1755 600 Me-

277 638 397 683 nippu
428 635 765 688 ετιεεριεχονταριαν
792 637 885 673 milli
909 636 1034 684 facies
1063 638 1316 673 maeandrum
1346 640 1382 673 el
1409 635 1613 678 vinculata,
1644 637 1757 680 alque

277 710 389 744 eliam
419 708 513 744 adeo
537 710 644 756 τηρεε
673 708 798 745 orbem
831 706 990 745 terrae?
1049 705 1263 744 Ascribam
1293 702 1754 754 conatus.superiorum,

278 779 422 832 quibus
444 779 682 830 praesertim
699 782 964 816 monstrosam
981 775 1091 814 illam
1106 789 1294 827 graecam
1311 776 1479 814 formam
1506 773 1558 812 ad
1577 773 1755 825 aliquam

276 851 366 890 veri
395 850 571 902 speciem
600 849 785 901 redigere
815 854 1073 901 temptarunt.
1115 848 1165 886 In
1195 861 1274 900 qua
1296 847 1480 900 plerique
1509 849 1667 896 partem
1695 843 1754 881 in-

277 922 506 974 scriptionis
542 920 782 960 delitescere
816 924 1024 972 putarunt:
1068 918 1111 956 id
1149 917 1258 971 quod
1292 918 1520 964 Mercerus,
1571 923 1659 954 cum
1695 915 1754 953 in-

276 999 426 1032 tactam
458 991 726 1044 corruptelam
755 995 983 1043 repeteret,
1016 989 1274 1028 distinctione
1304 987 1519 1027 verborum
1547 986 1752 1025 indicavit.

276 1065 461 1115 Scaliger
490 1064 543 1103 ad
569 1065 738 1103 Festum
767 1074 882 1102 suum
913 1075 944 1100 s.
972 1075 1012 1100 v.
1039 1061 1253 1099 Maeander
1293 1059 1348 1111 (p.
1382 1065 1448 1100 136
1476 1057 1550 1110 Μ.)
1581 1059 1657 1097 ita:
1709 1059 1752 1099 V,

276 1133 383 1188 ταφῇ
410 1134 633 1173 Μενίππου
658 1125 684 1182 ἢ
706 1130 954 1185 περιέχοντας
981 1130 1195 1183 ταριχείαςε
1225 1131 1323 1168 Mihi
1346 1130 1482 1178 facies*
1501 1131 1753 1167 maeandrum

274 1211 311 1243 el
347 1208 614 1251 vermiculala,
654 1211 768 1252 alque
811 1206 905 1242 adeo
948 1205 1103 1251 cinqens
1139 1203 1264 1239 orbem
1303 1205 1443 1238 terrae.
1503 1200 1701 1239 Nimirum
1731 1213 1752 1238 e

275 1275 460 1314 sordibus
481 1275 603 1315 Nonii
631 1275 845 1328 quaesivit,
878 1272 986 1326 quod
1009 1272 1143 1324 aliquo
1171 1271 1290 1310 modo
1323 1285 1412 1310 cum
1437 1270 1545 1323 ταφῇ
1565 1270 1753 1321 coniungi

274 1352 433 1398 posset:
465 1359 513 1385 ac
540 1346 715 1396 videtur,
748 1359 837 1385 cum
866 1343 1064 1396 ταριχείαν
1087 1343 1128 1383 h.
1153 1355 1187 1381 e.
1208 1341 1488 1394 pollincturam
1510 1341 1754 1381 cadaverum

275 1418 456 1467 inferret,
488 1417 539 1456 de
569 1417 764 1457 Varronis
790 1420 902 1454 Cvcuo
927 1418 1020 1451 Περι
1045 1418 1165 1460 ΤΑφηο
1189 1414 1402 1464 cogitasse,
1432 1413 1474 1451 in
1507 1426 1587 1464 qua
1616 1418 1754 1451 satura

274 1489 352 1527 hoc
380 1493 442 1527 est
469 1488 518 1527 fr.
549 1495 589 1528 2:
631 1490 759 1535 Quare
794 1489 1020 1526 Heraclides
1057 1487 1236 1523 Ponticos
1261 1488 1351 1534 plus
1379 1487 1501 1533 sapit,
1546 1487 1612 1533 qui
1633 1496 1752 1533 prae-

273 1562 373 1609 cepit
401 1565 443 1598 ul
466 1562 748 1607 comburerent,
779 1572 892 1609 quam
918 1559 1174 1601 Democritus,
1200 1559 1267 1605 qui
1289 1561 1330 1594 ul
1355 1558 1394 1594 in
1415 1557 1521 1593 melle
1541 1561 1752 1594 servarent.

275 1630 358 1669 Sed
401 1643 476 1669 nec
513 1632 641 1683 ipsam
678 1632 848 1670 formam
894 1641 1014 1681 quam
1059 1626 1233 1666 voluerit
1277 1626 1422 1665 indicis
1466 1625 1667 1678 perspicio
1712 1631 1752 1664 et

273 1700 467 1753 ταριχείας
496 1703 673 1740 rationes
699 1701 853 1740 alienas
880 1699 930 1739 ab
954 1699 1032 1737 hac
1065 1704 1202 1737 satura
1231 1698 1357 1736 fuisse
1387 1696 1570 1736 arbitror.
1613 1697 1662 1736 In
1689 1710 1750 1735 re-

273 1758 394 1824 liquis
428 1777 540 1811 recte
574 1772 758 1822 Scaliger
781 1784 854 1824 pro
886 1772 1078 1809 vinculata
1105 1768 1296 1807 librorum
1325 1771 1572 1807 vermiculala
1598 1766 1750 1816 scribit,
1791 1778 1795 1781 ·

273 1849 317 1882 ut
348 1844 390 1882 in
422 1841 663 1882 editionibus
691 1842 874 1880 Mercero
906 1839 1178 1893 superioribus
1203 1838 1433 1889 legebatur:
1471 1838 1514 1877 id
1542 1838 1651 1891 quod
1682 1852 1750 1891 ap-

273 1915 426 1954 tissime
457 1927 571 1953 suum
597 1914 731 1952 locum
759 1914 871 1952 iuxta
899 1914 1152 1951 maeandrala
1183 1909 1364 1948 obtinere
1389 1909 1646 1948 manifestum
1677 1914 1750 1948 est.

272 1985 378 2026 Vide
398 1985 545 2024 Lucilii
570 1997 732 2024 versum
762 1983 870 2036 apud
890 1983 1128 2023 Ciceronem
1154 1982 1196 2020 in
1225 1986 1383 2020 oratore
1407 1993 1441 2019 c.
1463 1987 1520 2028 44,
1546 1987 1610 2022 149

475 2088 595 2134 Quam
625 2089 747 2136 lepide
778 2082 895 2133 λέξεις
923 2090 1149 2134 compostae,
1179 2089 1219 2121 ul
1249 2084 1457 2121 tesserulae
1486 2094 1613 2120 omnes

475 2161 570 2196 Arte
590 2160 802 2207 pavimenti
830 2164 943 2206 alque
971 2158 1186 2194 emblemate
1215 2155 1470 2192 vermiculato.

274 2260 338 2299 Of.
367 2259 416 2298 O.
445 2259 578 2298 Iahnii
609 2259 702 2297 adm
739 2258 791 2305 ad
820 2259 859 2298 h.
888 2259 915 2298 l.
975 2261 1128 2307 einqens
1159 2270 1180 2296 e
1210 2256 1391 2306 margine
1414 2255 1520 2293 Iunii
1551 2260 1751 2308 sumptum

273 2336 354 2380 est3
395 2330 592 2368 editiones
618 2330 803 2369 Mercero
833 2329 1078 2381 antiquiores
1105 2327 1191 2366 fere
1220 2330 1374 2376 inqens:
1412 2339 1579 2379 quorum
1608 2330 1748 2364 neutro

273 2402 455 2440 codicum
492 2400 606 2439 labes
643 2403 749 2449 inyes
786 2400 967 2438 tollitur.·
996 2402 1108 2438 eliam
1145 2404 1237 2436 ante
1278 2400 1372 2436 adeo
1405 2402 1537 2436 utrum
1567 2395 1748 2434 consulto

272 2487 324 2511 an
359 2471 592 2524 imprudens
622 2470 806 2521 Scaliger
841 2470 1038 2517 omiserit,
1074 2455 1225 2507 nescio.
1287 2467 1540 2518 Scaligerum
1567 2467 1654 2505 fere
1686 2479 1749 2521 se-

270 2544 405 2596 quitur
442 2544 617 2594 Popma:
658 2542 735 2580 nisi
769 2541 879 2593 quod
914 2552 1064 2591 graeca
1103 2539 1161 2577 sic
1191 2537 1440 2576 conformata
1469 2535 1559 2589 περὶ
1596 2535 1750 2587 ἔχοντος

269 2613 463 2666 ταριχείας
491 2613 730 2663 fragmentO,
759 2625 841 2649 non
864 2610 1115 2662 inscriptioni
1142 2607 1340 2647 attribuit:
1373 2621 1477 2660 quae
1501 2621 1589 2646 cum
1613 2607 1748 2645 ‘libris
1778 2607 1781 2609 ’

271 2683 462 2736 ‘antiquis’
496 2672 700 2730 adscribit,
729 2682 867 2720 nescio
896 2695 974 2735 quo
1001 2681 1044 2719 id
1072 2681 1158 2718 iure
1188 2667 1324 2717 faciat.
1378 2679 1468 2717 Nec
1497 2683 1632 2717 tamen
1660 2677 1748 2728 ipse

270 2756 550 2807 intemptatum
578 2754 710 2805 locum
741 2752 908 2791 dimisit:
949 2752 1122 2790 coniecit
1152 2751 1256 2789 enim
1291 2746 1380 2801 περὶ
1411 2746 1566 2799 ἔχοντος
1592 2741 1639 2784 τὰ
1672 2759 1747 2784 τει-

270 2825 333 2875 χιά
366 2821 515 2877 μύχουε
557 2825 598 2863 in
633 2823 776 2877 quibus
806 2823 1033 2873 elegantem
1063 2821 1329 2874 periphrasim
1358 2819 1515 2858 tectorii
1543 2817 1747 2855 conclavis

269 2896 464 2946 agnoscit,
488 2896 627 2935 '‘cuius
657 2896 784 2934 facies
816 2899 877 2933 est
907 2893 1083 2945 implexa
1114 2897 1154 2930 et
1185 2892 1374 2931 distincta
1403 2889 1540 2942 parvis
1569 2889 1746 2926 insititiis
