1898 3236
733 257 1076 291 comec'rANEA.
1596 254 1649 294 93

299 366 323 402 3
671 365 770 401 alitis
792 365 976 402 caballum
1004 364 1156 403 a'rbori'

363 433 484 470 Ra'mo
508 435 546 470 in
570 434 701 471 humili
725 434 928 483 a'dliyattim
953 435 1143 483 relinquit,
1173 432 1231 486 (2)
1256 435 1388 485 ferens

361 504 542 541 Fe'rream
571 506 694 542 umero'
723 505 915 553 bipennem
942 505 1106 543 securim
1137 535 1147 544 .
1180 536 1190 545 .

298 610 322 644 4
362 598 476 643 'Alius
503 610 667 643 teneram
697 606 848 644 dbietem
876 607 976 644 so'lus
998 608 1179 655 percellit.

301 713 323 747 5
363 707 536 766 Cae'ditur
564 709 654 746 lo'tos
683 710 788 755 [ictu]
801 727 812 746 .·
842 708 918 746 a'lla
945 709 1030 757 fros
1059 710 1192 748 decidit

360 778 551 817 Pa'lladis:
571 780 755 828 pldtanus
783 780 902 817 ramis
961 779 970 817 .’
1028 808 1038 818 .
1099 809 1110 818 .
1157 807 1176 820 -.
1237 810 1247 819 .

299 884 322 919 6
360 872 450 917 'Alia
476 886 583 930 traps
605 872 738 929 pro'm's
765 885 804 919 in
834 883 984 919 humum
1014 882 1196 920 decedens
1215 884 1432 932 pro'xumae

360 950 520 1000 Fra'nyit
546 953 673 990 rames
702 948 851 990 cadens.

157 1061 397 1103 Etadiicio
436 1062 614 1117 denique
645 1065 687 1104 in
725 1064 908 1105 eiusdem
939 1065 1225 1118 descriptionis
1254 1067 1468 1115 ambitum,
1511 1083 1649 1121 quam-

158 1145 278 1184 quam
308 1133 525 1173 intervallo
557 1134 696 1188 aliquo
726 1136 778 1175 ab
807 1137 888 1191 illis
919 1137 1117 1177 distantes
1143 1138 1219 1177 hos
1250 1139 1445 1178 creticos:

297 1253 320 1289 9
355 1234 393 1287 fi}
410 1259 499 1286 cavo
525 1249 630 1297 fo'nle
658 1252 711 1287 uti
736 1262 822 1287 cum
851 1250 1026 1300 imfyavit
1052 1264 1146 1290 cava

319 1334 329 1344 ·
358 1312 522 1358 'Aurium
550 1320 731 1368 anfra'cta
760 1324 798 1359 in
824 1322 953 1360 silvcim
983 1334 1120 1370 vocans
1151 1352 1160 1361 .
1193 1353 1202 1362 .
1233 1351 1243 1360 .

157 1414 278 1458 Nunc
309 1420 560 1471 singulorum
586 1422 767 1462 rationes
794 1411 986 1463 reddams
1036 1422 1244 1462 Producta
1284 1424 1392 1476 quod
1431 1425 1649 1479 aliquoties

156 1489 292 1529 media
317 1492 560 1530 ereticorum
596 1492 759 1546 syllaba
796 1500 988 1546 apparet,
1029 1494 1183 1534 habent
1225 1508 1275 1534 ea
1315 1495 1506 1547 exempla
1535 1510 1650 1535 suam

158 1559 348 1613 quodque
370 1563 699 1614 excusationem,
729 1564 798 1604 vel
829 1577 882 1604 ex
900 1563 1092 1616 ambigua
1113 1577 1133 1602 s
1153 1565 1287 1604 finalis
1316 1572 1480 1616 natura,
1508 1572 1553 1605 ut
1576 1567 1649 1606 illa

155 1633 254 1670 so'lus
286 1644 361 1682 per
369 1651 380 1676 ;
418 1634 598 1682 pla'tanus
634 1649 706 1679 ra;
749 1636 844 1675 a'lius
879 1642 978 1683 tene,
1016 1636 1059 1675 in
1098 1634 1244 1689 quibus
1282 1635 1324 1674 in
1360 1644 1548 1689 promptu
1587 1643 1650 1676 est

156 1703 266 1751 solu’,
289 1705 482 1752 platanu',
511 1706 601 1744 aliu'
634 1705 827 1746 scribere.
866 1706 942 1746 His
963 1712 1100 1746 autem
1125 1707 1273 1756 frdnyil
1293 1720 1362 1750 rcc;
1393 1707 1523 1756 fra'cta
1546 1710 1584 1744 in
1605 1711 1651 1745 sil

155 1771 297 1812 videor
332 1774 476 1814 eodem
513 1776 600 1815 iure
644 1777 876 1828 neglectam
913 1777 995 1817 vim
1033 1778 1247 1830 positionis
1294 1777 1510 1826 adhibere,
1566 1791 1647 1830 quo

156 1856 278 1894 supra
314 1845 357 1883 in
394 1845 579 1887 iambicis
614 1849 697 1887 libet
732 1861 790 1887 me
827 1849 910 1898 e'pi;
953 1856 994 1888 ul
1027 1853 1066 1887 in
1103 1849 1167 1892 lie‚·
1213 1855 1246 1887 et
1277 1851 1315 1887 id
1343 1849 1385 1887 di
1423 1848 1647 1888 vindicavi.

156 1913 346 1955 Ceterum
372 1917 468 1957 vide
497 1917 643 1971 quibus
669 1918 817 1958 finibus
846 1920 1011 1959 molossi
1039 1934 1154 1960 usum
1192 1922 1232 1960 in
1270 1920 1433 1959 creticis
1461 1925 1647 1959 veterum

155 1986 395 2025 comicorum
426 1986 476 2026 G.
513 1989 773 2030 Hermannus
808 1992 1171 2043 circumscripserit
1199 1992 1242 2030 in
1270 1983 1484 2031 elementis'
1522 1991 1562 2029 d.
1593 2005 1645 2029 m.

153 2070 193 2108 p.
221 2062 291 2098 206
319 2070 380 2110 sq.
437 2059 554 2098 Arsis
585 2061 731 2100 solutio
760 2063 817 2100 ita
853 2068 1081 2114 temperata
1120 2068 1200 2110 est,
1240 2067 1286 2100 ut
1320 2061 1454 2100 altera
1489 2067 1646 2100 tantum

153 2127 255 2166 arsis
284 2127 389 2168 binis
418 2129 609 2170 brevibus
635 2133 830 2172 consistat
857 2147 935 2173 nec
970 2133 1108 2186 plures
1137 2145 1258 2184 quam
1279 2131 1466 2183 singulae
1494 2133 1536 2170 in
1566 2133 1646 2171 sin·

154 2198 261 2250 gulis
288 2200 472 2240 versibus
497 2202 720 2242 solutiones
743 2210 977 2243 occurrant:
1005 2202 1140 2242 differt
1168 2203 1332 2241 unicum
1354 2204 1403 2241 fr.
1431 2208 1466 2252 4,
1497 2203 1540 2241 in
1564 2216 1645 2255 quo

154 2271 271 2322 primi
309 2270 427 2323 pedis
456 2278 629 2325 utraque
660 2274 762 2312 arsis
790 2273 924 2312 soluta
955 2279 1036 2313 est:
1081 2288 1176 2313 nam
1206 2276 1357 2312 abietem
1390 2286 1480 2312 cum
1507 2274 1645 2328 trisyl-

152 2339 289 2379 labum
315 2341 514 2392 producta
542 2343 671 2394 prima
696 2356 786 2383 esse
803 2341 964 2396 possit,
993 2358 1072 2384 non
1101 2350 1164 2383 est
1192 2343 1300 2397 quod
1327 2344 1498 2384 solutam
1525 2346 1645 2384 arsim

155 2409 348 2451 dicamus.
410 2413 494 2452 Sed
521 2413 631 2453 idem
655 2428 796 2454 versus
827 2428 882 2454 eo
906 2415 1112 2468 discrepat
1139 2429 1165 2454 a
1193 2416 1381 2469 reliquie,
1419 2415 1525 2468 quod
1556 2430 1646 2455 cum

153 2480 215 2519 illi
245 2482 326 2520 sint
355 2483 572 2523 acatalecti
605 2486 851 2534 tetrametri,
884 2486 952 2525 hic
988 2487 1209 2526 catalexim
1243 2487 1390 2526 habet:
1427 2488 1499 2526 vix
1540 2489 1645 2527 enim

156 2550 400 2591 crediderim
428 2552 573 2593 deesse
603 2555 647 2594 in
670 2555 753 2601 fine
783 2556 1000 2609 syllabam.
1056 2560 1147 2599 Nec
1175 2573 1332 2604 vereor,
1363 2572 1417 2597 ne
1446 2559 1513 2598 hic
1540 2573 1644 2598 unus

154 2621 418 2662 catalecticus
445 2629 696 2675 tetrameter,
725 2626 870 2679 quibus
900 2626 1073 2669 Plautus
1103 2643 1405 2683 nonnumquam
1443 2631 1645 2669 continuis

151 2704 249 2731 usus
286 2698 349 2733 est
395 2692 466 2745 (cf.
503 2695 756 2736 Ritschelius
803 2697 845 2736 in
888 2698 1044 2751 proleg.
1081 2713 1121 2751 p.
1165 2702 1400 2754 ccxcvm),
1457 2703 1644 2754 cuiquam

153 2761 415 2803 offensionem
449 2765 605 2805 afferat.
661 2755 813 2806 bontra
841 2767 1169 2820 hypercatalecti
1200 2771 1452 2823 exemplum,
1484 2773 1591 2826 quod
1621 2786 1644 2812 e

150 2832 342 2874 librorum
372 2836 564 2875 memoria
596 2842 658 2875 est
685 2837 728 2875 in
758 2837 808 2876 fr.
837 2843 880 2879 9:
910 2845 1064 2886 cavata,
1093 2854 1173 2880 non
1194 2842 1393 2900 tulizlnec
1421 2839 1645 2892 συνάφειαι)

153 2917 242 2943 011111
282 2907 465 2957 proximo
506 2907 669 2956 admisi,
709 2908 871 2960 qualem
911 2910 980 2961 qui
1016 2911 1238 2951 exhibebat
1277 2926 1420 2953 versus
1458 2914 1645 2954 Terentii
