1898 3236
660 269 1003 302 comEcTANEA.
1237 277 1239 279 ·
1497 257 1577 298 187

695 378 909 426 simplexne
934 375 1054 424 furor
1081 374 1258 412 sestertia
1285 376 1436 411 centum

291 453 462 490 Perdere
490 454 527 488 et
555 450 731 488 horrenti
758 450 926 489 tunicam
956 459 1032 485 non
1059 446 1222 483 reddere
1247 449 1384 482 servo?

93 554 177 596 Sed
214 567 295 593 non
331 553 388 592 ita
421 557 558 605 persto
594 551 637 589 in
676 563 726 589 ea
764 548 1058 601 explicatione,
1102 551 1148 584 ut
1183 558 1265 584 non
1300 558 1423 598 posse
1459 545 1579 584 aliam

91 639 252 682 quoque
283 615 535 678 probabilem
563 621 737 661 inveniri
767 618 1008 659 concedam:
1040 617 1154 657 velut
1183 630 1270 674 non‘
1284 615 1482 655 absonum
1503 622 1579 664 est,

90 699 125 737 si
161 697 250 750 quis
287 695 369 734 illis
399 692 585 732 versibus
616 705 698 731 non
726 696 810 729 tam
838 691 983 730 vesani
1013 689 1164 728 domini
1192 689 1234 726 in
1263 701 1404 726 servos
1433 687 1578 726 barba-

90 769 193 808 riam
223 779 343 820 quam
371 765 628 817 pristinorum
655 769 880 814 temporum
905 762 1168 801 severitatem
1190 759 1429 811 disciplinae
1457 760 1580 810 signi-

91 838 205 878 ficari
246 837 480 877 arbitretur:
527 842 571 874 ut
617 836 724 874 hanc
768 834 837 887 qui
882 831 1154 885 amplectatur
1189 831 1580 882 interpretationem,

91 909 219 962 possit
252 921 342 946 cum
375 906 446 944 illo
486 907 534 944 fr.
566 913 610 946 10
647 905 914 955 coniungere:
951 897 1004 942 ex
1033 904 1093 940 his
1121 907 1235 951 atque
1262 904 1448 940 eiusmodi
1474 903 1567 939 insti

93 982 183 1019 tutis
211 992 258 1017 ae
287 982 363 1017 vita
394 979 451 1016 vel
475 979 527 1014 ad
551 978 734 1014 Herculis
765 964 874 1014 athlci
900 977 1065 1014 athletae
1089 975 1190 1023 facti
1217 978 1342 1011 erant.
1398 971 1483 1011 Sed
1500 971 1581 1010 hoc

94 1063 184 1089 cum
208 1050 250 1088 in
275 1049 429 1087 incerto
463 1046 708 1099 relinquam,
750 1046 801 1085 de
833 1046 1136 1085 enumeratione
1166 1044 1239 1083 illa
1267 1045 1458 1083 vitiorum
1481 1048 1581 1082 tam-

91 1135 211 1175 quam
238 1121 423 1159 insaniae
453 1107 647 1170 generum
677 1132 759 1156 non
786 1117 949 1157 videtur
980 1115 1154 1154 d'ubitari
1183 1129 1319 1168 posse.
1366 1114 1460 1166 Qua
1489 1129 1582 1167 per-

93 1199 187 1232 acta
221 1192 386 1231 Veritas
415 1191 582 1236 insano,
621 1189 718 1241 quid
741 1187 894 1239 igitur?
931 1188 1084 1239 inquit,
1122 1187 1272 1225 famam
1298 1187 1483 1226 insaniae
1512 1201 1583 1226 ve-

93 1264 194 1302 reris
225 1261 276 1300 ab
300 1261 395 1308 illis,
422 1261 491 1313 qui
520 1273 572 1298 ne
600 1260 678 1312 ipsi
710 1259 874 1312 quidem
905 1265 996 1297 sunt
1018 1271 1144 1296 sanae
1164 1243 1323 1305 mentis,
1354 1263 1399 1296 ut
1419 1258 1585 1298 demen-

95 1340 157 1373 tes
184 1327 264 1385 ipsi
290 1331 434 1371 eadem
465 1331 671 1370 dementia
698 1335 837 1383 captos
870 1331 991 1369 etiam
1024 1329 1093 1380 qui
1114 1329 1203 1367 sani
1222 1330 1302 1367 sint
1324 1329 1586 1369 existiment?

209 1423 358 1462 XXIV
388 1421 466 1474 (26)
499 1423 597 1461 Nam
621 1427 664 1460 ut
692 1423 869 1470 arquatis
899 1426 936 1459 et
962 1423 1065 1459 lutea
1091 1431 1190 1469 quae
1218 1433 1294 1458 non
1321 1425 1411 1458 sunt
1430 1426 1468 1458 et
1487 1433 1586 1470 quae

94 1500 184 1539 sunt
218 1497 321 1532 lutea
357 1496 552 1540 videnlur,
590 1496 646 1532 sic
674 1495 821 1531 insanis
852 1491 924 1543 [et]
955 1494 1045 1530 sani
1069 1497 1106 1530 et
1132 1492 1279 1541 furiosi
1306 1494 1482 1531 videntur
1505 1504 1588 1531 esse

96 1578 235 1605 msam.

98 1657 192 1696 Huc
226 1655 333 1695 enim
365 1668 447 1694 non
481 1654 802 1708 improbabiliter
835 1654 914 1694 hoc
944 1654 1215 1705 fragmentum
1252 1654 1439 1707 reyocari
1472 1653 1586 1693 vide-

100 1734 184 1766 tur:
223 1718 467 1779 quamquam
500 1725 632 1778 possis
671 1727 793 1765 etiam
823 1724 876 1764 de
905 1723 1159 1777 philosophis
1191 1724 1391 1774 cogitare,
1431 1725 1500 1777 qui
1528 1725 1587 1763 in-

99 1797 188 1837 sani
219 1797 299 1849 ipsi
334 1810 411 1836 nec
443 1810 586 1836 sanum
622 1802 663 1837 et
701 1797 896 1835 furiosum
929 1796 1205 1835 internoscere
1233 1809 1310 1835 nec
1339 1809 1485 1835 sanare
1519 1795 1587 1834 de-

100 1875 275 1907 mentem
303 1869 472 1920 possint.
531 1869 710 1907 Tantum
737 1871 799 1905 est
829 1862 1160 1918 fragmentorum,
1191 1880 1298 1920 quae
1330 1879 1419 1905 cum
1451 1866 1590 1919 aliqua

100 1938 181 1978 fide
215 1938 430 1978 videantur
467 1938 520 1977 ad
556 1938 662 1977 hanc
691 1942 850 1990 partem
879 1943 1042 1977 saturae
1073 1938 1269 1978 adscribi:
1308 1942 1473 1991 restant.
1491 1950 1589 1976 non-

101 2009 213 2051 nulla
242 2009 293 2048 de
320 2009 521 2061 scriptura
552 2009 802 2061 singulorum
829 2008 1096 2048 admonenda.
1158 2008 1296 2061 Atque
1325 2009 1374 2059 fr.
1406 2009 1494 2048 XX
1518 2007 1589 2047 bo·

100 2095 196 2121 num
224 2080 473 2120 octonarium
501 2079 722 2126 ‘iambicum
752 2079 938 2127 efficere,
975 2092 1071 2118 casu
1100 2085 1198 2131 puto
1224 2093 1306 2118 non
1335 2079 1593 2119 observatum

101 2151 308 2191 Meinekio
339 2163 444 2198 esse,
476 2163 567 2188 cum
595 2163 669 2198 quo
697 2149 738 2187 h.
763 2162 798 2188 e.
829 2152 869 2187 in
899 2162 1008 2198 quem
1035 2152 1152 2198 finem
1168 2151 1408 2203 Jexplicaret
1438 2157 1479 2190 et
1502 2165 1593 2191 cum

102 2221 320 2262 notissimis
356 2221 517 2259 Horatii
547 2219 731 2258 versibus
762 2219 987 2268 conferret,
1019 2233 1138 2259 carm.
1170 2221 1214 2261 ΙΙ
1243 2228 1287 2269 3,
1317 2229 1340 2264 9
1376 2235 1450 2271 quo
1471 2227 1594 2272 pinus

103 2297 236 2343 inqens
264 2293 426 2339 albaque
448 2293 619 2339 populus
655 2291 832 2328 Umbram
860 2292 1085 2339 hospitalem
1112 2296 1331 2338 consociari
1358 2300 1489 2341 amant
1511 2295 1592 2332 Ra-

106 2368 200 2402 mis?
242 2365 335 2412 quid
363 2363 511 2410 obliquo
537 2373 573 2399 e.
605 2374 645 2413 q.
675 2373 708 2400 e.
751 2362 819 2400 Fr.
847 2362 958 2401 XXI
989 2362 1271 2402 cum'codices
1301 2364 1425 2403 Nonii
1444 2379 1485 2417 p.
1510 2370 1591 2413 272,

106 2442 129 2476 3
155 2435 214 2472 ita
243 2431 439 2472 scribant:
471 2434 680 2470 maximum
711 2435 840 2475 credit,
856 2434 889 2482 f.
920 2436 989 2473 sed
1016 2437 1152 2473 cedere
1187 2437 1356 2481 Ulixem,
1387 2447 1473 2474 cum
1504 2438 1593 2474 bac-

105 2507 180 2544 cha
202 2506 335 2542 silvam
365 2516 402 2542 e.
433 2517 473 2556 q.
496 2515 552 2551 s.,
585 2503 794 2544 Mercerus
824 2490 1025 2545 intellexit
1057 2507 1336 2558 corrigendum
1367 2520 1457 2546 esse
1489 2509 1595 2545 Aina:

109 2584 186 2615 lum
224 2589 256 2614 e.
284 2576 317 2624 f.
346 2586 387 2614 se
415 2575 596 2616 caedere;
634 2582 715 2613 non
751 2574 936 2614 absimile
977 2575 1204 2617 Gulielmus
1235 2579 1278 2617 in
1306 2577 1593 2617 verisimilibus

109 2648 176 2687 ΠΙ
198 2653 242 2689 18
274 2645 455 2705 (Gruteri
483 2645 628 2698 Lamp.
648 2646 716 2686 ΙΠ
735 2661 776 2699 p.
797 2647 887 2699 315)
919 2651 1023 2687 Aiax
1051 2650 1141 2686 dum
1170 2661 1203 2686 c.
1262 2634 1593 2688 Merceriemen-

113 2718 316 2757 dationem
353 2716 526 2769 perfecit
561 2717 846 2758 Lachmannus
875 2720 918 2758 in
948 2720 1139 2759 Lucretio
1169 2734 1209 2773 p.
1238 2726 1301 2767 14,
1341 2719 1411 2758 ubi
1440 2719 1594 2758 Wake-

110 2788 275 2828 fieldum
310 2788 351 2826 in
389 2801 463 2827 sua
498 2788 677 2828 Lucretii
719 2791 957 2830 recensione
992 2791 1112 2830 Aiaci
1149 2791 1402 2831 Varroniano
1441 2789 1595 2829 similli-

114 2873 220 2898 mum
255 2859 403 2899 exiisse
438 2859 555 2899 dicit·
605 2863 709 2900 Aiax
747 2865 825 2898 tum
855 2864 985 2900 credit
1017 2863 1132 2912 ferro
1169 2874 1210 2900 se
1246 2863 1409 2901 caedere
1444 2863 1595 2928 Ulixen,

115 2932 206 2970 Cum
235 2933 369 2970 baculo
405 2934 539 2972 silvam
570 2942 605 2972 e'.
636 2947 676 2986 q.
708 2947 740 2973 s.
752 2963 762 2982 ,
813 2935 951 2974 Ulixen
990 2935 1280 3008 convenienter
1314 2932 1414 2970 mori
1445 2933 1595 2972 Varro-
