1898 3236
257 231 309 271 28
825 239 1162 270 CONIECTANEA.

255 345 368 382 nulla
406 345 652 383 necessitate
689 344 936 395 transposuit
973 350 1033 389 est·
1066 344 1271 392 voculam,
1313 359 1416 397 quae
1455 354 1566 387 recte
1598 348 1731 387 locum

256 415 484 454 obtinebat:
513 417 638 453 mihist
664 417 793 462 Opus?
842 414 933 452 Nec
961 419 1067 462 erat,
1097 414 1204 466 quod
1228 415 1386 466 reliqua
1409 430 1433 454 a
1457 420 1730 459 communione

254 499 443 524 versuum
468 485 720 532 secluderet,
752 497 856 536 quae
881 484 940 522 sie
965 484 1193 524 dimetiare:

637 577 687 613 Et
715 573 949 620 adstarem,
982 575 1174 624 leve'mque
1203 577 1332 614 robur.

256 665 445 704 Ceterum
476 664 644 716 pulchre
682 659 752 703 ille
788 666 871 702 ideo
907 665 1083 703 restituit
1114 679 1186 717 pro
1217 670 1291 703 tuo.
1349 665 1443 704 Non
1472 667 1622 705 maiore
1651 666 1732 705 fide

255 742 317 775 est
349 735 538 783 alterum,
575 735 682 787 quod
714 736 899 787 Roepero
928 735 956 774 l.
990 750 1024 774 c.
1054 750 1093 788 p.
1124 742 1193 778 256
1222 735 1411 784 debetur,
1454 737 1680 789 exemplum
1709 751 1730 776 e

255 811 410 843 Blmnco
444 806 494 845 fr.
525 810 569 846 14
801 792 802 795 Ἴ

1194 878 1347 923 ε’ὺνίιιέ,

457 947 602 993 Ma'rce,
632 947 820 995 Odyssicin
849 949 947 984 enim
974 949 1133 984 Homeri
1159 949 1351 986 rz'cminari
1376 949 1523 997 incipis,

458 1019 548 1055 Ct'cm
578 1013 667 1067 περὶ
697 1010 855 1066 τρόπων
883 1019 1118 1066 scripturum
1148 1020 1184 1055 te'
1200 1021 1288 1056 'scio
1317 1020 1521 1068 reee'peris.

254 1119 323 1158 Sic
354 1119 459 1157 enim
496 1121 637 1156 ebriu's
666 1117 880 1156 scribendo
911 1131 983 1170 pro
1014 1121 1198 1157 ebrius-es
1229 1133 1279 1158 ea
1311 1120 1458 1168 verba,
1497 1133 1601 1172 quae
1636 1126 1730 1159 ante

254 1189 461 1241 pedestria
497 1188 772 1237 habebantur,
813 1190 854 1227 in
892 1203 1079 1229 numeros
1116 1189 1360 1229 vindicavit:
1399 1190 1471 1229 sed
1500 1197 1635 1229 tamen
1660 1192 1730 1238 ita,

254 1267 298 1298 ut
334 1273 421 1299 non
458 1260 563 1299 absit
595 1259 791 1299 dubitatio
826 1260 997 1298 maxime
1028 1259 1078 1298 de
1109 1259 1310 1308 secundm
1343 1261 1430 1299 sive
1458 1261 1610 1300 hiatum
1643 1263 1730 1308 sive

253 1332 440 1383 Roepero
471 1330 790 1369 commendatam
819 1333 1053 1368 ruminarier
1082 1331 1250 1369 formam
1280 1331 1501 1372 admiseris.
1554 1333 1660 1371 Nam
1679 1346 1731 1372 ne

254 1402 312 1439 sic
341 1401 503 1452 quidem
526 1414 636 1438 meas
658 1400 753 1438 mihi
778 1413 894 1438 aures
917 1400 1141 1438 consulenti
1162 1408 1376 1440 venustate
1405 1409 1614 1454 praestare
1642 1418 1730 1443 ver-

254 1472 403 1510 siculus
442 1471 615 1510 videtur.
683 1470 823 1521 Quid?
864 1469 896 1508 si
924 1483 975 1508 ne
1005 1476 1097 1508 sunt
1125 1471 1287 1522 quidem
1315 1472 1375 1510 illi
1405 1474 1625 1525 septenarii
1651 1480 1730 1512 tro-

255 1543 410 1581 chaici:
448 1555 612 1594 possum
648 1541 760 1588 falli,
782 1566 785 1569 ·
809 1540 881 1579 sed
910 1540 1098 1579 videntur
1126 1542 1223 1580 mihi
1252 1556 1332 1581 non
1365 1544 1494 1582 minus
1525 1545 1731 1584 commode

253 1608 448 1651 octonarii
477 1611 572 1650 inde
600 1610 765 1650 'iambici
791 1610 971 1662 prodire:

1193 1690 1322 1728 e'brius

456 1762 522 1806 Εὲ,
549 1761 695 1806 Μάνεε,
729 1761 918 1810 odyssidn
945 1762 1043 1797 enim
1068 1782 1081 1787 -
1107 1761 1269 1798 Homeri
1296 1763 1531 1800 rumina'rier

455 1831 606 1879 Incipe,
633 1843 719 1869 cum
741 1827 831 1880 περὶ
856 1824 1011 1879 τρόπων
1033 1833 1268 1879 scripturum
1293 1832 1331 1869 te'
1350 1836 1427 1870 scio
1448 1833 1653 1882 rece'peris.

252 1933 377 1971 Intuli
398 1933 541 1983 etipse
557 1931 722 1979 hiatum,
743 1931 815 1970 sed
835 1932 902 1983 qui
918 1931 1120 1982 legitimus
1141 1940 1201 1971 est
1218 1933 1259 1971 in
1274 1946 1442 1972 caesura
1459 1935 1666 1983 octonarii,
1687 1941 1731 1973 ut

253 2017 328 2042 nec
347 2003 481 2041 aliena
499 2001 548 2040 ab
566 2002 643 2039 hoc
660 2015 808 2052 genere
826 2015 1014 2040 versuum
1032 2008 1094 2040 est
1110 2016 1159 2040 ea
1177 2015 1356 2051 caesura,
1381 2006 1460 2055 qua
1477 2005 1616 2043 tertius
1632 2005 1730 2043 inci-

253 2074 372 2121 ditur,
392 2073 433 2111 in
449 2072 581 2110 medio
600 2072 706 2123 pede
722 2073 872 2124 quinto.
897 2072 959 2112 Of.
977 2074 1196 2112 Kraussius
1218 2075 1245 2113 l.
1258 2088 1291 2112 c.
1304 2089 1342 2126 p.
1359 2081 1438 2115 554.
1467 2075 1550 2114 Sed
1564 2075 1731 2115 videant

254 2144 306 2183 de
343 2144 392 2181 iis
420 2141 604 2181 versibus
631 2142 865 2193 peritiores:
904 2156 980 2194 ego
1010 2143 1053 2182 id
1087 2145 1250 2183 vincere
1281 2145 1444 2193 videor,
1474 2160 1526 2185 ne
1546 2147 1624 2185 hoc
1644 2148 1728 2200 qui-

252 2212 341 2251 dem
373 2212 557 2263 exemplo
596 2212 694 2249 satis
726 2211 777 2249 de
808 2214 949 2252 ebriu's
984 2214 1113 2252 forma
1147 2220 1353 2253 constare:
1395 2228 1514 2267 quarn
1544 2230 1618 2267 ego
1649 2231 1730 2256 non

252 2290 335 2321 tam
366 2282 528 2332 defugio
559 2282 698 2329 anxie,
741 2296 859 2334 quam
889 2284 981 2323 nolo
1010 2285 1088 2323 nisi
1117 2284 1340 2324 indubitato
1372 2287 1556 2338 exemplo
1587 2287 1728 2327 admit-

252 2362 353 2392 tere.
410 2353 477 2391 Sic
508 2358 619 2401 opust
646 2353 818 2391 Varroni
848 2367 869 2392 e
901 2354 1084 2392 codicum
1111 2355 1295 2406 vestigiis
1324 2356 1519 2395 Mullerus
1550 2357 1730 2397 attribuit

253 2423 303 2462 de
332 2423 472 2474 lingua
501 2423 648 2460 Latina
677 2423 783 2461 VIII
814 2431 868 2464 10.
920 2424 983 2464 Cf.
1017 2425 1301 2464 Lachmannus
1325 2426 1444 2465 Lucr.
1466 2440 1504 2478 p.
1527 2433 1583 2469 29.
1619 2428 1740 2483 Illud·

250 2507 364 2540 vero,
397 2492 503 2544 quod
535 2492 666 2530 eidem
694 2493 881 2545 Roepero
904 2493 1084 2541 debetur,
1115 2496 1280 2533 monstri
1300 2495 1430 2534 simile
1454 2502 1515 2535 est
1534 2504 1730 2546 propter-st

251 2563 294 2600 in
321 2563 398 2600 hoe
429 2565 661 2604 SESQummxrs
690 2576 811 2602 versu
840 2562 906 2614 (fr.
937 2563 997 2615 lo)
1623 2561 1627 2565 ⁴

452 2641 629 2678 Mine'rva
658 2644 759 2689 quod
780 2643 982 2691 propte'rst
1009 2646 1050 2681 id
1076 2644 1293 2692 siqnificdre
1323 2657 1407 2683 eum

452 2711 620 2759 Propte'r
652 2714 875 2750 doctrinam.

218 2833 221 2836 .
251 2801 318 2838 Ita
356 2801 461 2838 enim
498 2800 568 2839 ille
608 2800 847 2840 deformavit
878 2803 1168 2854 fragmentum,
1208 2804 1317 2856 quod
1345 2804 1467 2854 vulgo
1498 2806 1556 2843 sic
1586 2805 1725 2844 scribi-

253 2876 337 2908 tur:
371 2872 479 2916 Quod
502 2872 678 2910 Minerva
703 2878 867 2921 propter
891 2877 1012 2919 stetit,
1043 2876 1261 2926 siqnificare
1287 2886 1371 2911 eum
1394 2880 1559 2922 propter
1586 2877 1725 2914 doctri—
