1898 3236
730 258 1074 291 oomnc‘rfflm.
1600 245 1655 286 95

161 382 327 421 gramm.
363 367 433 406 lat.
471 367 515 405 ΙΙ
551 357 712 418 Ρζ472)
753 370 895 404 extare
928 364 1130 416 potuisse,
1178 374 1257 400 nec
1292 360 1392 399 satis
1429 360 1586 398 firmum
1615 359 1658 396 in

163 440 318 480 Culicis
347 452 482 486 versu,
512 451 633 490 quem
662 437 801 484 attuli,
831 435 1079 487 praesidium
1101 432 1369 480 nanciscitur,
1397 435 1439 468 et
1468 443 1493 467 a
1520 434 1657 468 nostro

163 511 254 550 loco
294 510 463 549 metrica
499 509 659 547 ratione
695 507 912 559 respuitur.
950 494 1202 544 'Praeterea
1230 517 1284 543 ne
1321 501 1420 556 quid
1446 500 1498 540 de
1533 500 1657 539 valde

165 586 350 619 contorta
387 591 493 632 quae
528 577 706 617 Oehlero
743 578 899 629 placuit
936 577 1137 616 structura
1179 574 1329 622 dicam,
1368 573 1541 621 olivam,
1577 586 1658 610 non

164 651 395 704 platanum,
430 648 614 688 Palladis
652 637 835 687 arborem
873 661 964 688 esse
1003 646 1141 686 didici.
1201 645 1312 699 Quid
1349 643 1504 682 multa?
1564 643 1658 681 Duo

166 728 278 770 sunt,
306 733 413 774 quae
438 719 509 758 ille
538 720 579 759 in
607 733 729 758 unum
765 719 1084 770 conglutinavit,
1125 717 1360 764 commatia,
1392 715 1564 753 alterum
1599 714 1656 751 in-

166 800 345 844 tegrum,
374 796 602 831 truncatum
629 791 822 830 alterum:
864 792 947 828 Alta
971 791 1083 838 frons
1111 791 1244 827 decidit
1273 789 1461 825 Palladis.-
1500 791 1540 824 et
1572 788 1656 835 pla-

167 870 275 902 lanus
299 866 436 910 ramiS,
461 861 608 914 quibus
630 861 727 901 addi
759 861 828 900 vel
854 865 997 900 levatur
1018 861 1160 912 possit.
1214 857 1364 898 Olivae
1388 862 1523 896 autem
1551 857 1660 895 frons

167 934 276 987 quod
309 934 420 972 frons
450 932 635 972 Palladis
676 932 844 980 dicitur,
883 945 961 971 nec
998 931 1179 971 insolens
1207 931 1285 969 hoc
1321 942 1451 980 genus
1486 929 1659 966 transla—

166 1005 287 1054 tionis
319 1010 381 1043 est
411 1010 454 1043 et
478 1005 683 1057 geminum
701 1003 762 1042 illi
784 1004 862 1042 hoc
882 1002 1069 1054 Vergilii
1083 1001 1316 1054 exemplum
1336 982 1547 1044 Aeu.V11
1575 1006 1660 1040 154:

168 1078 285 1115 rc'eim's
318 1078 453 1114 velatos
487 1077 656 1114 Palladis
688 1078 817 1114 omnis.
883 1074 1075 1126 Denique
1108 1087 1131 1112 e
1167 1085 1319 1124 genere
1351 1071 1662 1122 orthographico

169 1148 369 1187 admoneo
399 1147 447 1186 fr.
478 1153 502 1189 3
525 1147 654 1184 arbori
680 1145 787 1185 tradi
814 1132 923 1198 apud
954 1145 1132 1184 Nonium
1161 1157 1200 1196 p.
1230 1149 1298 1191 86,
1328 1148 1387 1191 16,
1418 1156 1538 1194 quam
1568 1142 1660 1180 bre-

169 1221 324 1259 viorem
355 1219 595 1270 scripturam
615 1229 689 1268 pro
709 1218 855 1255 arboris
875 1216 1163 1256 Lachmannus
1186 1214 1238 1253 ad
1258 1213 1440 1253 Lucretii
1462 1213 1483 1251 1
1505 1219 1572 1254 186
1592 1213 1661 1251 ad-

169 1291 326 1329 notavit
350 1303 402 1329 ne
427 1289 478 1328 ab
503 1288 688 1327 oratione
711 1290 832 1341 prosa
854 1287 1019 1341 quidem
1041 1287 1218 1326 alienam
1238 1299 1340 1326 esse.
1382 1280 1505 1325 Certe
1521 1300 1662 1325 versus

95 1374 103 1379 ·
170 1374 359 1411 mensura
385 1361 426 1399 h.
456 1359 482 1399 l.
511 1372 559 1398 eo
589 1358 793 1398 scribendi
823 1371 986 1413 genere·
1012 1371 1093 1396 non
1123 1357 1352 1396 adiuvatur.
1408 1358 1477 1395 Fr.
1505 1365 1526 1398 5
1556 1371 1663 1409 quae
1697 1363 1701 1367 ”

173 1438 234 1471 est
252 1434 336 1482 fros
357 1432 567 1483 scriptura,
589 1444 639 1469 ea
658 1431 701 1469 in
720 1430 909 1468 lemmate
928 1429 1052 1467 Nonii
1076 1442 1115 1480 p.
1137 1434 1219 1476 486,
1236 1433 1278 1468 12
1297 1429 1398 1476 (fros
1412 1441 1488 1477 pro
1505 1430 1663 1478 fronde)

175 1510 216 1542 et
245 1504 287 1542 in
318 1502 492 1554 Vergilii
525 1515 572 1540 ac
599 1500 796 1540 Varronis
831 1499 1031 1551 exemplis
1059 1498 1201 1550 reponi
1231 1497 1381 1536 debuit.
1451 1499 1517 1537 Fr.
1551 1506 1573 1540 6
1602 1513 1663 1537 re-

174 1575 266 1626 cepi
297 1580 403 1623 traps
433 1573 615 1620 formam,
647 1584 754 1624 quae
785 1570 896 1622 apud
915 1570 1094 1609 Nonium
1121 1583 1160 1622 p.
1186 1573 1264 1618 178,
1285 1575 1331 1610 32
1352 1571 1453 1608 etin
1474 1572 1663 1610 lemmate
1721 1595 1733 1602 x

176 1650 216 1682 et
246 1645 287 1682 in
316 1657 439 1682 versu
461 1643 658 1682 Varronis
685 1642 853 1693 legitur:
884 1653 962 1683 nec
987 1638 1202 1691 repudiavi
1231 1653 1339 1688 eam,
1378 1654 1485 1694 quae
1515 1642 1664 1681 ibidem

173 1713 366 1762 traditur,
404 1716 584 1752 accedens
612 1713 872 1765 scripturam,
912 1724 1032 1763 quam
1067 1710 1110 1749 in
1148 1711 1274 1749 Ennii
1309 1718 1665 1767 quoqueltragoe-

177 1786 254 1826 diis
279 1799 319 1825 v.
350 1792 418 1827 114
450 1790 492 1824 et
519 1790 585 1825 281
618 1789 786 1822 auctore
817 1782 1093 1821 Fleckeiseno
1121 1782 1293 1820 restitui.
1350 1782 1414 1821 Of.
1448 1783 1665 1822 Ribbeckii

174 1863 279 1908 trag.
315 1857 391 1907 rel.
429 1869 470 1908 p.
511 1855 613 1894 IX.v
656 1853 779 1907 Apud
811 1854 989 1893 Nonium
1026 1866 1066 1904 p.
1096 1858 1183 1900 494,
1222 1859 1269 1894 33
1305 1853 1347 1891 in
1381 1853 1524 1892 eodem
1557 1854 1663 1905 frag—

175 1933 309 1967 mento
339 1933 379 1966 et
407 1929 510 1965 trabs
536 1932 578 1966 et
605 1928 778 1964 accidens
805 1924 994 1964 scribitur
1023 1930 1069 1963 ut
1096 1923 1235 1975 vulgo.

291 2012 376 2053 Sed
406 2012 500 2051 huic
531 2013 639 2051 omni
668 2011 904 2051 caedendae
933 2010 1063 2049 silvae
1092 2009 1374 2061 descriptioni,
1412 2011 1527 2049 cuius
1558 2012 1664 2050 simi-

177 2085 238 2124 les
279 2084 440 2124 Nakius
478 2083 615 2122 attulit
649 2082 678 2120 1.
716 2096 750 2121 c.
798 2081 871 2134 (cf.
909 2086 1067 2134 quaest.
1106 2080 1214 2118 Enn.
1248 2093 1288 2132 p.
1319 2079 1419 2132 nn),
1462 2082 1665 2120 neminem

153 2157 284 2207 ·fugit
317 2169 438 2209 quam
468 2167 648 2205 congrua
675 2154 726 2192 sit
759 2153 850 2204 ipsa
887 2151 1127 2191 ereticorum
1156 2165 1411 2192 numerorum
1441 2153 1559 2204 quasi
1586 2159 1668 2191 tur-

178 2227 347 2266 bulenta
383 2225 576 2277 gravitas.
639 2223 716 2263 Cui
743 2236 988 2274 -comparem
1019 2223 1113 2261 vim·
1138 2222 1263 2262 habet
1298 2223 1339 2261 in
1370 2222 1667 2274 Amphitruone

179 2297 317 2336 Plauti
347 2309 372 2334 a
400 2296 519 2335 Sosia
547 2307 666 2332 servo
697 2292 881 2332 exhibita
903 2293 1064 2331 creticis
1084 2293 1272 2333 versibus
1301 2306 1463 2344 pugnae
1489 2293 1667 2345 descrip-

179 2369 236 2407 tio
267 2368 287 2406 1
320 2374 364 2415 1,
387 2369 595 2408 219-247.
653 2364 763 2403 Huic
801 2370 937 2404 autem
963 2370 1129 2404 nostrae
1155 2364 1377 2404 narrationi
1406 2365 1669 2416 praemissum

181 2439 258 2476 fuit
286 2436 396 2476 haud
427 2435 550 2475 dubie
579 2435 629 2474 fr.
657 2440 702 2477 7:
745 2447 754 2455 ·

384 2528 545 2576 Exeunt'
564 2540 643 2584 cili,
670 2543 859 2586 strepunt,
886 2544 1037 2583 exeunt,
1069 2539 1196 2577 boum.-

182 2641 223 2679 in
251 2653 331 2692 quo
354 2652 443 2678 cum
466 2629 653 2678 numeros
672 2629 889 2690 agnoscas,
919 2653 1043 2691 aegre
1060 2630 1222 2679 'certius
1247 2639 1431 2687 definias,
1463 2641 1542 2678 nisi
1563 2640 1671 2692 quod

183 2710 324 2749 cretici
349 2722 430 2748 non
457 2709 646 2748 videntur
674 2709 815 2750 fuisse.
867 2711 957 2750 Nec
987 2711 1093 2750 enim
1114 2711 1313 2762 scriptura
1335 2712 1423 2762 ipsa
1442 2711 1671 2749 indubitata

184 2786 246 2819 est
275 2780 399 2832 (Non.
424 2794 463 2832 p.
489 2785 547 2827 79,
565 2778 620 2830 7),
645 2792 734 2819 cum
755 2779 970 2832 displiceat
987 2781 1051 2820 bis
1071 2783 1245 2833 positum
1265 2788 1419 2820 exeunt.-
1449 2781 1558 2832 quod
1579 2781 1670 2819 olim

182 2858 227 2890 ut
248 2865 361 2890 mera
387 2852 606 2890 iteratione
634 2856 763 2889 ortum
785 2851 984 2890 delerant.
1024 2851 1108 2891 Sed
1128 2865 1178 2891 ea
1201 2853 1386 2891 arborum
1408 2845 1610 2890 trun'catio
1631 2857 1673 2889 ot

185 2915 337 2961 decisio
366 2922 519 2971 silvae,
558 2917 602 2961 nt
631 2921 737 2973 apud
767 2921 943 2961 Ennium
980 2928 1021 2961 et
1053 2923 1278 2974 Vergilium
1308 2920 1544 2961 instruendo
1572 2936 1671 2973 rogo
