1898 3236
725 276 1072 308 AconisscrANEA.
1240 279 1242 281 ·
1563 266 1641 306 155

151 386 235 425 nini
274 386 445 426 formam
479 398 561 423 non
588 383 714 422 fuisse
742 383 784 421 in
814 397 890 422 usu
918 382 1120 434 significat
1149 396 1283 421 rerum
1310 382 1550 420 rusticarum
1576 382 1642 420 III

152 466 187 505 5,
216 463 239 498 6
275 459 400 503 turdi,
431 459 500 506 qui
535 469 622 495 cum
651 461 741 494 sunt
769 457 919 492 nomine
946 466 1096 501 mares,
1127 467 1263 493 revera
1297 455 1466 502 feminae
1494 466 1643 503 quoque

152 534 254 576 sunl,
285 533 325 566 et
355 526 406 566 de
434 527 574 579 lingua
604 527 734 566 latina
757 525 824 564 IX
852 531 898 566 55
924 530 966 563 et
988 530 1048 566 56.
1096 525 1158 563 Eo
1187 524 1317 575 magis
1348 526 1503 573 mirum,
1535 524 1643 577 quod

153 600 309 638 Nonius
337 613 377 651 p.
406 604 488 647 229,
522 605 566 641 16
595 597 739 638 tradit:
770 596 928 634 ‘Turdi’
959 598 1162 635 masculini
1187 602 1276 634 sunt
1303 599 1469 646 yeneris,
1498 601 1540 634 ue
1562 598 1644 644 ple-

153 683 315 720 rumque
361 674 498 709 lectum
534 676 601 708 esc.
666 670 845 718 feminini
895 669 1019 706 Varro
1059 669 1382 717 Quinquatribus:
1429 669 1493 705 ‘tu
1525 668 1646 715 phadi

153 749 266 781 conta
297 744 463 792 (contra)
496 743 639 780 caudes
668 742 788 778 audes
818 741 956 784 dicere,
987 751 1073 776 cum
1104 742 1143 777 in
1169 741 1449 784 eborata-„lecto
1477 751 1523 776 ac
1547 751 1644 786 pur-

147 825 274 862 pureo
304 815 577 862 peristromata
613 813 755 850 cubare
799 813 929 849 videas
964 817 1162 859 ueyrotum
1197 815 1234 848 et
1267 812 1349 848 eius
1376 812 1488 858 prius
1519 811 1645 847 alvum

153 897 267 933 quam
299 889 414 933 lypen
448 885 660 922 subducere
694 884 814 920 malis.
874 881 930 919 Et
948 887 1137 932 augetur
1165 880 1392 920 difficultas
1429 894 1498 930 eo,
1536 880 1645 933 quod

153 955 195 993 in
233 954 305 992 illo
342 953 572 992 testimonio
609 953 804 993 Varronis
840 966 893 992 ne
919 953 1068 1004 legitur
1097 951 1260 1004 quidem
1290 951 1412 990 hodie
1442 956 1511 990 aut
1538 950 1647 990 turdi

154 1031 225 1065 aut
261 1024 406 1064 turdae
439 1037 598 1063 nomen.
659 1023 782 1076 Quod
815 1023 961 1076 quibus
999 1023 1196 1062 machinis
1222 1022 1375 1062 inferre
1405 1023 1534 1061 critici
1563 1027 1643 1061 stu-

94 1142 98 1146 ,
155 1097 336 1145 duerint,
375 1109 514 1135 earum
551 1094 667 1133 nulla
704 1095 866 1146 stringit
890 1095 1066 1134 animum
1090 1093 1393 1146 probabilitate.
1452 1093 1561 1132 Nam
1587 1099 1643 1142 ly-

147 1179 228 1216 pen
257 1179 404 1204 vocem
440 1170 551 1204 certo
580 1165 692 1204 illam
722 1165 886 1217 quidem
914 1165 1180 1218 depravatam
1208 1178 1331 1215 aegre
1361 1165 1457 1203 mihi
1480 1178 1646 1217 persua-

156 1237 233 1276 deo
272 1251 295 1276 e
329 1239 484 1275 turdum
523 1234 609 1287 (vel
639 1239 811 1287 turdum)
853 1242 983 1276 ortam
1013 1249 1117 1275 esse.
1175 1236 1266 1275 Nec
1306 1235 1416 1289 quod
1446 1235 1647 1275 Oehlerus

153 1309 232 1348 hac
271 1309 505 1347 coniectura
545 1314 585 1346 tu
620 1310 745 1346 Phedi
774 1313 912 1346 contra
954 1309 1091 1345 turdus
1120 1309 1240 1344 audes
1270 1309 1398 1345 dicere
1428 1306 1504 1345 sibi
1536 1307 1649 1345 visus

156 1386 219 1420 est
247 1379 509 1419 ‘sanavisse'
543 1378 699 1426 locum,
740 1391 816 1430 ego
851 1365 1174 1417 illud'iudicium
1205 1378 1327 1416 facile
1359 1389 1526 1430 sequar,
1559 1391 1649 1416 cum

154 1466 206 1491 ne
246 1450 428 1491 Phedius
460 1448 626 1502 quidem
664 1450 745 1495 iste
778 1450 875 1488 mihi
909 1449 1032 1488 valde
1067 1449 1382 1489 commendetur.
1441 1450 1568 1488 Immo
1607 1451 1649 1488 in

155 1522 236 1563 illis
277 1524 555 1571 tupledicontae
595 1523 694 1560 satis
727 1527 840 1560 certa
869 1534 1043 1573 graecae
1076 1521 1189 1560 vocis
1218 1521 1394 1572 vestigia
1424 1534 1648 1572 agnoscere

156 1593 312 1632 videor.
379 1591 538 1644 Quodsi
575 1598 713 1631 tamen
750 1593 930 1631 Noniani
964 1592 1074 1630 illius
1111 1592 1332 1630 testimonii
1369 1592 1508 1646 aliqua
1546 1591 1648 1630 fides

158 1668 239 1712 est,
276 1663 501 1702 Varronem
530 1662 725 1702 credibile
756 1669 818 1702 est
863 1665 1015 1701 turdum
1045 1663 1238 1702 feminine
1278 1662 1430 1702 dixisse
1467 1677 1516 1702 eo
1554 1676 1648 1702 acu-

156 1735 283 1782 mine,
335 1747 415 1786 quo
458 1734 623 1773 Persius
666 1734 694 1773 1.
736 1747 771 1772 c.
819 1732 921 1772 dixit
967 1745 1037 1771 nec
1085 1740 1234 1773 tenuem
1268 1737 1404 1774 sollers
1444 1737 1649 1773 turdarum

156 1816 266 1843 nosse
309 1807 482 1844 salivam.
557 1804 680 1856 Quod
720 1817 890 1843 acumen
938 1803 990 1843 Ο.
1032 1799 1200 1845 Iahnius
1251 1805 1414 1857 attingit
1459 1806 1513 1844 ad
1549 1807 1647 1845 Per-

157 1876 269 1915 sium.
329 1877 440 1915 Fieri
479 1881 617 1915 tamen
655 1882 810 1929 potest,
846 1882 892 1915 ut
933 1877 1090 1916 Nonius
1128 1891 1208 1917 non
1237 1883 1322 1916 tam
1358 1880 1496 1915 turciae
1527 1890 1651 1929 quam
1689 1923 1691 1926 ι

154 1947 222 1986 vel
259 1949 432 1986 turdelae
465 1948 533 1987 vel
570 1951 766 1987 turdelicis
801 1948 1029 2000 exemplum
1068 1949 1364 1989 Varronianum
1401 1947 1648 2001 apposuerit.

156 2017 263 2058 Vide
301 2017 352 2056 de
385 2017 456 2057 illa
485 2033 587 2058 voce
622 2019 822 2058 Isidorum
857 2020 899 2058 in
939 2020 1160 2071 originibus
1190 2020 1278 2059 XII
1309 2025 1354 2067 7,
1383 2024 1449 2068 71,
1490 2018 1542 2057 de
1570 2018 1650 2056 hac

155 2089 381 2145 Varronem
419 2088 470 2128 de
503 2089 644 2140 lingua
674 2090 804 2129 latina
833 2091 894 2130 VI
926 2097 948 2130 2
980 2104 1070 2130 cum
1098 2090 1189 2130 adn.
1218 2090 1396 2129 Miilleri.
1458 2089 1650 2128 Ceterum

155 2159 382 2198 admonitus
420 2160 508 2212 ipse
541 2160 591 2199 ab
618 2161 697 2200 Ed.
730 2160 936 2200 Liibberto
970 2159 1194 2201 admonebo
1228 2161 1352 2209 alios,
1390 2172 1580 2199 numeros
1609 2158 1651 2197 in
1724 2204 1737 2209 ἒ

157 2243 205 2267 eo
236 2230 463 2280 fragmento
491 2231 622 2270 videri
651 2245 767 2280 esse,
801 2227 902 2285 quos
930 2234 1132 2282 restituat,
1164 2233 1230 2272 cui
1250 2237 1377 2271 totum
1401 2230 1651 2270 enuntiatum
1690 2233 1700 2237 ‘

157 2298 421 2351 probabiliter
447 2300 665 2341 emendare
698 2302 928 2354 contigerit.

270 2370 475 2410 Luxuriae
503 2376 637 2411 autem
664 2372 843 2412 ciborum
871 2388 982 2415 more
1011 2389 1084 2415 suo
1114 2377 1257 2416 Varro*
1273 2374 1482 2428 pristinam
1514 2373 1648 2424 fruga-

156 2441 313 2480 litatem
343 2442 542 2493 opposuit.
582 2443 677 2484 Hoc
702 2445 751 2485 fr.
779 2446 868 2485 XII
899 2448 1100 2498 arguitur:
1131 2449 1173 2487 in
1193 2460 1273 2501 quo
1294 2445 1403 2500 quod
1424 2446 1475 2485 de
1497 2447 1649 2498 pistore

158 2511 314 2563 antiqui
342 2513 513 2552 nominis
543 2514 727 2565 traditur,
758 2518 889 2557 Varro
922 2520 1044 2558 etiam
1074 2518 1125 2558 de
1155 2520 1242 2558 vita
1268 2519 1315 2558 P.
1344 2518 1394 2556 R.
1426 2517 1496 2556 lib.
1529 2518 1550 2556 I
1582 2531 1648 2556 eo—

159 2581 250 2620 dem
275 2582 365 2621 loco
396 2583 519 2622 Nonii
533 2588 577 2637 p.
602 2593 689 2636 152,
724 2595 768 2629 14
795 2589 982 2641 protulit:
1020 2602 1090 2629 nec
1113 2592 1274 2640 pistoris
1303 2600 1439 2628 nomen
1470 2595 1557 2627 erut
1580 2591 1655 2626 nisi

157 2656 239 2692 eius
271 2657 339 2703 qui
365 2657 454 2692 ruri
485 2656 556 2704 far
587 2660 785 2706 pinsebat‚
820 2664 1006 2699 nominati
1033 2664 1079 2700 ab
1109 2674 1151 2701 eo
1187 2664 1289 2711 quod
1307 2663 1481 2709 pinsum.
1540 2658 1650 2698 Add.

158 2725 315 2782 I’linius
345 2739 384 2764 n.
411 2726 450 2765 h.
482 2726 633 2766 XVIII
658 2727 685 2778 ἓ
718 2736 796 2772 107.
859 2731 923 2770 Cf.
955 2732 1206 2771 Ritschelius
1230 2732 1441 2783 Parergon
1460 2732 1481 2770 I
1503 2746 1543 2783 p.
1565 2737 1647 2773 371.

158 2802 239 2839 207.
290 2797 465 2836 Beckeri
489 2797 633 2838 Gallus
653 2799 698 2838 II
721 2806 796 2842 196.
856 2803 1027 2841 Pristim)
1052 2803 1264 2855 scriptura,
1294 2816 1414 2854 quam
1443 2803 1485 2841 in
1510 2808 1648 2842 nostro

159 2868 386 2919 fragmento
417 2868 509 2908 libri
540 2870 726 2918 offerunt,
757 2884 854 2910 usus
887 2877 950 2911 est
971 2873 1219 2914 Ritschelius
1246 2875 1341 2913 novi
1365 2874 1492 2913 musei
1513 2874 1646 2913 Rhen.

159 2939 242 2978 VII
273 2953 312 2991 p.
344 2936 431 2981 555ss
