1898 3236
753 224 1099 260 comnc'rANEA.
1373 256 1382 259 -
1477 274 1482 279 „
1593 217 1673 261 145

294 332 381 371 XX
411 331 468 384 (1)
535 334 657 376 *Time
692 339 851 380 repente
888 332 1067 371 cae'litum
1106 335 1226 372 altum
1264 333 1466 371 to'nitribus
1493 336 1673 382 templum

1441 407 1612 444 tenescit.

292 493 402 532 XXI
433 491 490 544 (2)
545 481 594 532 Ε”ι
618 499 736 542 paler
764 495 890 531 divtim
921 496 1120 533 trisulcum
1148 493 1297 542 ft'clmen
1327 496 1409 542 iqui
1427 495 1581 543 fe‘rvido

542 565 719 602 Actvilum
749 567 874 603 mittat
901 565 940 603 in
972 566 1114 603 tholum
1144 565 1306 602 mace'lli.

292 654 425 694 XXII
454 653 511 708 (3)
543 655 687 704 Ma'qna
733 658 790 693 uti
822 656 1026 694 tremescat
1065 656 1189 694 Roma
1228 659 1267 693 'et
1307 656 1469 705 mciqnae
1514 660 1672 696 mando—

1078 730 1085 735 ”
1369 729 1459 765 mim
1487 731 1612 777 yulae.

179 828 271 866 Hoc
301 826 516 876 addubito,
553 833 685 866 utrum
722 827 956 867 exauditum
985 828 1118 867 subito
1149 829 1301 867 tonitru
1334 828 1459 881 (XX)
1490 831 1671 869 occasio-.

179 913 272 938 nem
308 900 345 938 ei
382 899 643 939 detestationi
679 898 856 948 dederit,
894 912 945 937 an
976 896 1138 938 inverso
1170 900 1311 944 ordine
1339 901 1672 952 imprecationem

181 969 299 1021 (XX.
329 970 460 1021 XXI)
494 971 759 1022 necopinato,
799 970 917 1022 quasi
947 970 1150 1022 extemplo
1181 978 1279 1011 vota
1311 978 1402 1010 rata
1437 972 1549 1010 facta
1577 972 1671 1020 sint,

178 1042 357 1080 tonitrua
394 1047 536 1080 secuta
575 1042 668 1081 sint.
726 1042 833 1080 Nam
861 1054 942 1078 non
972 1053 1052 1078 uno
1084 1040 1310 1094 eodemque
1336 1048 1476 1080 tenore
1506 1041 1555 1080 fr.
1585 1041 1673 1080 XX

179 1125 269 1150 cum
298 1113 494 1164 proximis
528 1112 682 1151 duobus
715 1111 962 1163 continuari,
1002 1111 1199 1150 enuntiati
1240 1113 1506 1151 conformatio
1537 1118 1672 1150 osten-

180 1182 251 1221 dit.
310 1183 379 1221 Fr.
410 1183 497 1222 XX
532 1183 731 1222 trochaici
769 1181 964 1219 octonarii
994 1194 1184 1220 mensura
1222 1182 1403 1222 distinxi.
1460 1183 1531 1220 Fr.
1561 1181 1673 1220 XXI

180 1266 271 1291 cum
312 1253 513 1293 Ochlerus
554 1255 737 1293 senarios
762 1252 1079 1304 descripsisset,
1126 1253 1358 1292 Meinekius
1397 1253 1674 1305 septenarium

178 1325 376 1381 restituit:
416 1338 536 1377 quem
573 1325 726 1376 excipit
767 1336 910 1362 versus
948 1322 1148 1366 ‘iambicus
1190 1337 1287 1382 non·
1309 1325 1491 1375 integer,
1531 1337 1670 1375 quam—

179 1410 298 1448 quam
336 1396 538 1435 sententia
573 1396 748 1446 integra.
806 1394 895 1433 Nec
935 1395 1042 1433 enim
1073 1395 1289 1447 quicquam
1307 1396 1423 1436 inter
1453 1397 1605 1433 macelli
1633 1400 1673 1432 et

179 1468 248 1519 qui
286 1469 423 1507 statim
460 1467 643 1519 sequitur
679 1466 955 1517 septenarium
987 1465 1212 1505 desiderari
1248 1466 1433 1505 arbitror.
1492 1469 1671 1505 Actutum

180 1537 380 1576 editorum
411 1544 496 1577 est:
532 1538 624 1577 libri
651 1552 692 1590 p.
722 1543 811 1584 448,
841 1542 885 1577 21
917 1542 1064 1581 aetiam,
1103 1547 1206 1573 unus
1232 1535 1473 1576 Basiliensis
1503 1544 1671 1576 acutum.

179 1609 248 1648 Fr.
277 1608 410 1647 XXII
446 1612 503 1647 uti
537 1608 719 1661 reposuit
752 1605 1003 1655 Meinekius,
1043 1618 1122 1659 quo
1155 1607 1410 1658 septenarius
1450 1613 1673 1647 constaret.

179 1679 411 1717 'Prisulcum
434 1679 577 1731 ‘fulgur
605 1679 754 1717 Festus
783 1691 825 1729 p·
855 1682 936 1725 352,
969 1683 990 1718 6
1019 1672 1074 1716 M.
1106 1683 1298 1717 vocatum
1327 1677 1445 1727 dicit,
1486 1680 1600 1732 ‘quia
1628 1678 1671 1717 id

179 1756 248 1788 aut
282 1749 463 1789 incendit
507 1756 578 1789 aut
617 1749 782 1788 discutit
828 1754 898 1786 aut
935 1747 1146 1788 terebrat.'
1226 1749 1334 1789 Vide
1369 1750 1536 1789 Miilleri
1575 1749 1670 1789 adn.

179 1822 312 1860 Aliter
348 1821 505 1860 Nonius
544 1820 597 1859 ad
628 1819 731 1859 illud
759 1820 904 1870 fragm.
934 1833 975 1872 p.
1004 1826 1094 1869 448,
1130 1828 1172 1862 18
1207 1821 1380 1860 ‘Sulcus’
1413 1833 1521 1860 omne
1559 1822 1671 1870 quid-

179 1896 272 1942 quid
293 1896 330 1932 in
357 1895 627 1943 lonyitudinem
656 1894 871 1929 aculeatum
900 1890 986 1930 est.v
1030 1891 1225 1932 “Pholum
1253 1894 1434 1933 macelli'
1467 1893 1671 1934 Oehlerus

180 1964 386 2016 explicuit.
414 1974 543 2002 omnes
570 1965 800 2000 mandonum
829 1959 943 2012 yulcoe
966 1962 1148 2003 Lucilius
1170 1965 1345 2004 Varroni
1366 1966 1542 2018 praeivit
1562 1964 1673 2017 apud

177 2035 354 2074 Nonium
382 2049 422 2087 p.
453 2039 518 2082 17,
548 2040 607 2075 16.
666 2034 731 2072 De
770 2047 848 2085 quo
885 2047 1036 2084 genere
1076 2035 1369 2088 vocabulorum·
1402 2037 1457 2075 cf.
1494 2035 1546 2075 O.
1575 2035 1669 2075 Iah-

177 2106 266 2144 nius
294 2106 334 2144 in
366 2105 553 2145 Persium
580 2120 620 2158 p.
650 2112 709 2147 81.

292 2186 445 2224 Vermn
484 2185 690 2223 enimvero
735 2184 866 2223 Varro
911 2197 992 2222 non
1028 2185 1070 2223 in
1106 2186 1418 2238 perstringenda
1458 2186 1670 2238 epularum

177 2255 337 2294 luxuria
363 2254 562 2302 substitit,
594 2254 668 2293 sed
699 2254 822 2293 etiam
852 2255 1063 2294 avaritiam
1094 2256 1449 2309 Romanorumque
1475 2257 1671 2296 nobilium

177 2327 219 2364 in
262 2326 483 2378 provinciis
526 2326 689 2377 rapinas
727 2330 767 2364 et
810 2325 912 2364 alios
953 2325 1102 2366 abusus
1145 2341 1256 2367 more
1301 2341 1373 2366 suo
1415 2327 1669 2380 depinxerat.

180 2395 298 2446 Quae
333 2409 412 2448 quo
438 2396 579 2435 ordine
595 2396 788 2447 tetigerit,
822 2395 903 2434 dici
929 2398 1083 2449 nequit,
1113 2412 1359 2452 quamquam
1385 2404 1426 2437 et
1445 2399 1550 2438 haec
1571 2392 1680 2451 puto‘

178 2465 291 2504 illam
329 2468 629 2506 execrationem
667 2473 708 2506 et
746 2481 852 2521 quae
891 2468 943 2507 de
973 2469 1135 2520 Augiae
1165 2469 1338 2509 stabulis
1363 2469 1523 2509 dixerat
1551 2483 1668 2522 prae-

181 2537 368 2575 cessisse.
428 2537 639 2584 Avaritiae
668 2538 860 2578 iudicium
892 2539 968 2579 hoc
998 2542 1270 2591 fragmentum
1300 2542 1498 2580 continet:

291 2638 445 2677 XXIII
475 2639 554 2691 (20)
607 2641 758 2679 Scae'na
788 2653 898 2690 quem
927 2643 1055 2680 sene'm
1088 2645 1226 2680 Latina
1257 2643 1349 2681 vidit
1378 2644 1666 2681 derisz'ssimum.

182 2739 338 2791 Quibus
369 2742 557 2793 Pappum
581 2755 798 2793 personam
817 2743 1099 2782 Atellanarum
1120 2743 1331 2796 probabile
1354 2750 1416 2782 est
1437 2743 1668 2795 significari.

179 2811 221 2849 Is
255 2825 382 2850 senex
412 2826 573 2861 avarus,
607 2812 716 2866 quod
744 2813 936 2852 Munkius
967 2813 1017 2852 de
1046 2814 1195 2853 fabulis
1224 2814 1428 2853 Atellanis
1457 2828 1495 2866 p.
1525 2821 1572 2856 33
1602 2828 1670 2853 ex-

180 2883 334 2933 posuit,
377 2883 427 2922 ob
459 2897 651 2934 angorem
681 2898 730 2922 ac
759 2883 922 2922 nimiam
946 2884 1261 2924 sollicitudinem
1290 2887 1541 2923 nummorum
1566 2884 1670 2924 (leri-

195 2993 205 3001 .
251 2950 427 2992 Vnum-m,
454 2950 563 2984 Com.
582 2961 622 2984 m
639 2952 759 2985 VAnu.
780 2951 858 2984 sA'r.
1235 2941 1237 2943 ¹
1351 2951 1401 2991 10
