1898 3236
792 299 1020 331 common
1028 299 1133 331 NEA.
1261 325 1263 327 .
1544 347 1557 353 ἡ
1629 294 1703 333 101

215 407 443 459 pretatione
470 405 712 457 allegorica,
744 419 834 444 cum
862 405 1052 444 Minerva
1081 404 1196 460 Ulixi
1223 403 1436 453 adstante,
1467 406 1636 445 forsitan
1667 407 1708 445 in

218 477 357 530 aliqua
391 476 532 515 tabula
566 477 696 528 picta,
740 475 961 527 significari
996 476 1080 514 aiat
1122 475 1296 514 hominis
1331 475 1594 525 doetrinam',
1632 492 1708 518 nec

218 547 357 586 tabula
386 546 515 599 picta,
553 560 661 599 quae
700 546 837 584 aliena
871 551 934 585 est
970 545 1022 585 ab
1052 559 1100 585 eo
1144 544 1380 598 quodcum
1417 548 1489 586 illo
1529 549 1712 596 cohaesit

216 619 265 657 fr.
296 625 359 666 11,
388 618 485 656 mihi
505 618 715 670 probatur,
746 631 823 656 nec
843 616 1069 656 Varronem
1093 628 1143 654 ea
1164 621 1246 672 tam
1269 616 1320 656 de
1345 631 1470 658 sensu
1494 620 1567 660 suo
1589 634 1710 674 quam

218 693 394 740 excepta
438 688 488 726 ab
537 689 617 727 alio
655 688 864 728 rettulisse
901 685 1156 726 crediderim.
1222 685 1324 726 Cum
1369 687 1526 729 decimo
1575 697 1711 731 autem

217 761 416 812 coniungo
447 759 493 798 fr'.
521 766 584 809 20,
616 759 725 813 quod
747 773 837 799 eum
864 757 921 796 ita
945 763 989 801 ut
1016 770 1139 808 supra
1165 759 1282 811 posui
1311 765 1352 798 et
1372 760 1412 799 in
1443 759 1558 799 libris
1584 759 1710 812 (Non.

214 844 254 882 p.
279 835 368 879 344,
393 829 433 882 8)
466 830 708 869 exhibeatur
738 836 778 870 et
806 829 858 868 ab
890 827 1114 868 editoribus
1149 829 1352 881 vulgetur,
1384 831 1537 883 primus
1578 833 1712 871 eiecta

215 914 320 954 quae
351 906 444 953 post
472 903 552 940 ideo
582 902 734 953 legitur
762 900 980 952 negatione
1020 899 1245 951 integritati
1280 903 1458 941 restituit
1495 903 1545 954 L.
1583 903 1710 942 Scho-

211 962 342 1024 penus
370 971 411 1009 in
444 971 658 1011 Niebuhrii
691 986 791 1022 mus.
828 973 963 1013 Rhen.
998 972 1018 1009 Ι
1048 985 1088 1022 p.
1134 978 1220 1014 158:
1277 969 1400 1012 ‘nam'
1433 974 1629 1029 Ulysses,
1668 980 1711 1013 ut

214 1043 389 1082 Varroni
426 1042 606 1091 videtur,
650 1043 742 1082 ideo
781 1042 934 1094 pileum
974 1041 1118 1089 habet,
1164 1044 1262 1096 quia
1299 1044 1610 1083 mera-indutus
1651 1053 1712 1084 est

215 1114 373 1162 tunica,
401 1127 482 1152 non
512 1114 656 1165 pallio,
686 1128 765 1167 quo
801 1117 933 1168 ipsum
964 1112 1087 1168 eaput
1115 1113 1347 1167 Diogenem
1378 1115 1585 1154 obtexisse
1617 1129 1709 1154 con·

213 1187 320 1224 stat?
380 1185 624 1237 Ignorarunt
659 1199 748 1225 eam
786 1185 1113 1225 emendationem
1148 1190 1316 1235 cert-am,
1355 1187 1390 1225 si
1432 1186 1531 1238 quid
1563 1186 1710 1234 iudico,

196 1244 305 1295 *cum
334 1255 537 1297 Oehlerus
569 1261 652 1294 tum
680 1270 811 1309 nuper
833 1257 1064 1309 Roeperus,
1109 1256 1179 1331 qui
1210 1257 1364 1295 maiora
1394 1257 1554 1296 molitus
1586 1257 1711 1296 verba

212 1327 361 1377 invita,
393 1333 438 1366 ut
463 1333 581 1379 puto,
611 1327 654 1366 in
681 1341 824 1366 versus
856 1326 1015 1379 coegit:

960 1409 985 1455 .’
1028 1419 1227 1467 Dioyenem
1248 1419 1381 1466 pbstea

415 1489 576 1527 Pdllium
601 1491 717 1527 solum
748 1489 942 1535 habuisse,
972 1490 1110 1526 habere
1143 1488 1289 1526 Uli-vem
1326 1490 1525 1528 cunicula'm
1554 1503 1709 1539 meram,

418 1559 580 1597 Pa'llium
610 1560 689 1596 ideo
719 1560 793 1596 ηόη
822 1561 973 1599 habere.

217 1628 304 1668 vel:
895 1632 1093 1680 Dioyenem
1111 1635 1243 1679 postea
1265 1631 1431 1685 pa'llium-

421 1690 574 1754 [Unum]
616 1702 731 1738 solum
767 1701 956 1742 habuisse,
995 1703 1132 1739 habere
1166 1702 1311 1740 Ulixem
1341 1703 1542 1742 tuniculdm
1571 1716 1709 1742 meram

414 1772 576 1810 Pa'llium
607 1784 644 1810 e.
673 1784 712 1823 q.
745 1784 777 1809 s.

213 1863 261 1901 In
279 1861 427 1915 quibus
445 1875 534 1900 cum
551 1862 668 1900 metri
694 1859 847 1900 indicia
863 1867 1020 1901 tantum
1038 1877 1118 1901 non
1137 1864 1272 1902 omnia
1291 1864 1470 1916 Roeperi
1495 1867 1707 1905 correctio-

212 1933 266 1982 ni,
286 1946 366 1971 non
389 1932 582 1972 librorum
603 1933 820 1971 memoriae
843 1931 1082 1982 debeantur,
1105 1940 1189 1973 tum
1209 1948 1261 1974 ne
1275 1937 1522 1975 sententiam
1543 1937 1708 1989 quidem

210 2005 350 2053 istam,
370 2004 448 2043 nisi
468 2006 548 2042 ideo
573 2004 844 2056 expunxeris,
872 1999 999 2055 probe
1022 2005 1248 2057 procedere
1270 2006 1455 2045 arbitror.
1487 2008 1552 2047 De
1580 2008 1708 2060 pallio

210 2075 412 2127 Diogenis
450 2075 503 2113 cf.
540 2075 596 2122 is,
646 2087 767 2127 quem
803 2075 1019 2126 Roeperus
1057 2075 1220 2124 laudat,
1263 2076 1451 2120 Laertius
1496 2077 1707 2128 Diogenes

212 2147 272 2185 VI
300 2152 342 2195 6,
374 2153 428 2187 13.
459 2151 505 2185 22
535 2158 622 2183 cum
652 2144 708 2183 Is.
740 2143 973 2183 Casauboni
996 2146 1261 2197 Menagiique
1295 2148 1604 2186 commentariis.
1639 2149 1706 2186 Pi·

210 2217 318 2256 leum
351 2216 487 2255 Ulixis
519 2214 645 2266 (Non.
676 2215 702 2253 l.
734 2228 769 2252 c.
793 2218 943 2264 pilleum
969 2221 1015 2254 ut
1042 2229 1082 2266 p.
1114 2216 1294 2263 220„14)
1322 2224 1486 2268 praeter
1506 2232 1576 2258 eos
1607 2234 1708 2272 quos

212 2287 452 2338 Sehopenus
489 2291 531 2323 et
555 2286 770 2336 Roeperus
800 2285 1044 2333 attulerunt,
1080 2287 1218 2338 tetigit
1247 2286 1294 2326 O.
1321 2286 1487 2328 Iahnius
1515 2273 1710 2340 (fierichle

210 2360 247 2396 d.
277 2357 398 2394 saclas,
431 2358 513 2395 Ges.
545 2358 580 2392 d.
619 2357 729 2393 Wiss.
763 2360 854 2397 1856
875 2368 920 2403 p.
952 2356 1055 2406 287).
1107 2358 1302 2411 Denique
1325 2357 1468 2398 eodem
1498 2371 1609 2397 nexu
1638 2359 1706 2398 ha-

213 2426 386 2464 bebatur
425 2425 474 2464 fr.
518 2432 579 2473 ll,
617 2440 697 2479 quo
733 2427 898 2467 Ulixem
937 2426 1165 2467 ‘errantem
1205 2441 1327 2468 saevo
1363 2443 1437 2481 per
1469 2428 1548 2469 duo
1578 2430 1706 2469 lustra

213 2496 338 2534 mari’
385 2495 607 2546 significari
645 2497 903 2536 manifestum
941 2504 1022 2536 est:
1061 2499 1104 2537 in
1141 2513 1222 2552 quo
1252 2499 1358 2552 quod
1388 2503 1532 2540 domum
1562 2502 1706 2551 scribo,

211 2567 403 2618 Roepero
434 2565 623 2618 debetur,
650 2568 744 2607 libri
769 2568 876 2608 enim
904 2582 944 2620 p.
975 2575 1069 2618 405,
1111 2577 1158 2612 20
1186 2570 1270 2610 levi
1296 2585 1433 2611 errore
1463 2575 1549 2612 dum
1592 2574 1705 2612 exhi-

213 2637 327 2685 bent,
355 2638 396 2676 in
418 2636 661 2677 editionibus
683 2639 872 2691 vulgatur
891 2644 1009 2680 domo.
1043 2641 1128 2681 Sed
1150 2641 1258 2680 idem
1278 2656 1380 2694 quos
1404 2643 1500 2682 inde
1522 2632 1706 2695 transpo-

211 2707 424 2747 sitionibus
445 2713 655 2747 assecutus
672 2715 735 2748 est
750 2711 945 2759 senarios,
968 2712 996 2750 ii
1016 2726 1161 2751 vereor
1177 2718 1223 2751 ut
1236 2713 1372 2752 multis
1393 2714 1584 2766 placituri
1605 2716 1706 2754 sint:

416 2827 698 2839 .....
748 2802 901 2839 navibus
930 2803 1122 2841 duodecim
1153 2805 1297 2841 domum

415 2870 635 2918 Profe'vtum
663 2872 798 2909 solidos
826 2870 1012 2917 e'rravisse
1041 2875 1160 2912 anno's
1189 2876 1327 2913 decem.

1512 2848 1533 2855 =

214 2972 361 3011 nempe
392 2965 435 2998 ut
465 2960 518 2998 sit
547 2959 794 3013 bisyllabum
823 2962 995 3008 navibus,
1026 2965 1212 3002 duodecim
1234 2964 1505 3016 trisyllabum.
1549 2964 1705 3016 Quodsi
