1898 3236
791 308 1133 343 communitas.
1190 302 1197 307 '
1261 325 1265 328 ·
1631 303 1702 344 131

217 416 414 455 Nimirum
455 417 704 456 consimilem
749 416 955 469 quandam
994 418 1192 456 rationem
1232 418 1339 457 inter
1375 421 1628 459 Sssoummxsn
1669 424 1709 458 et

218 493 395 526 ancuu
434 494 591 526 saturas
631 487 907 527 Varronianus
936 490 1218 528 intercessisse
1252 489 1423 529 arbitror
1447 496 1576 543 ,atque
1605 491 1710 529 inter

216 559 378 598 Horatii
417 564 602 612 quartam
651 565 695 597 et
730 558 931 598 decimam
974 560 1093 612 primi
1130 567 1366 599 saturarum
1392 560 1498 600 libri.
1568 564 1708 603 Sason·-

167 638 170 641 ⁴
216 644 343 666 umxsu
386 636 520 668 autem
564 642 678 668 suum
726 642 816 668 cum
862 631 1072 670 vindicare
1108 630 1160 669 ab
1195 631 1497 670 insimulatione
1532 630 1707 681 studeat,

216 714 296 739 non
322 702 380 740 ita
410 701 581 740 obscure
603 702 683 740 iam
699 703 962 754 intellegitur,
996 715 1067 741 cur
1086 715 1131 741 se
1148 716 1230 741 non
1249 702 1343 741 ficto
1366 702 1439 742 sed
1458 716 1557 742 vero
1579 703 1709 741 Marci

215 772 375 810 nomine
392 802 402 820 ,
447 785 524 810 nec
570 778 613 810 ut
653 773 740 819 iuic
788 773 1099 826 sesquialterum
1138 772 1212 811 sed
1249 773 1455 826 duplicem
1492 773 1707 824 significet.

216 841 305 880 Nee
351 847 487 881 tamen
532 844 573 881 in
618 844 695 883 hac
741 844 989 884 defendendi
1038 845 1209 883 materia
1255 844 1486 884 substitisse
1526 848 1707 881 ancuu

217 912 352 961 credo,
384 912 547 965 quando
585 920 724 954 extant
751 916 987 969 reliquiae,-
1009 929 1114 968 quae
1145 929 1235 954 eum
1265 916 1477 968 epularum
1507 915 1709 955 luxuriam

214 988 256 1020 et
283 983 438 1021 variam
465 983 575 1022 vitae
602 985 812 1026 libidinem
830 988 1076 1038 exagitasse
1104 986 1228 1025 fidem
1257 987 1423 1026 faciant.
1483 987 1548 1026 Ac
1577 987 1709 1039 potuit

213 1052 281 1091 vel
312 1052 362 1090 ab
392 1066 469 1091 usu
495 1047 656 1106 τρόπων
685 1057 888 1098 rhetorico
918 1064 1085 1111 propter
1113 1058 1228 1096 vocis
1253 1057 1559 1108 ambiguitatem
1583 1058 1708 1097 facile

212 1124 425 1162 transitum
455 1125 507 1163 ad
537 1139 668 1165 mores
699 1128 775 1167 sibi
803 1143 972 1181 parare,
1007 1127 1345 1182 quemadmodum
1377 1121 1618 1180 κατάχρησιν
1649 1130 1707 1168 vi-

213 1193 343 1232 dimus
375 1208 400 1233 a
428 1199 551 1246 poeta
584 1197 627 1234 in
648 1204 878 1253 utramque
904 1206 1062 1254 partem
1092 1199 1315 1238 adhibitam
1347 1212 1452 1238 esse.
1510 1199 1594 1238 Sed
1627 1200 1708 1239 hoc

214 1270 301 1302 utut
331 1271 414 1314 est,
445 1266 496 1305 de
523 1267 786 1320 inscriptione
817 1273 895 1310 ista
925 1272 1056 1310 altera
1084 1271 1151 1309 vel
1183 1272 1241 1309 sic
1271 1271 1369 1309 mihi
1399 1284 1540 1323 parum
1568 1271 1706 1324 explo-

214 1342 302 1374 rata
331 1349 397 1374 res
430 1343 503 1375 est.

327 1407 416 1446 Iam
445 1421 544 1447 vero
575 1423 664 1449 eam
696 1411 747 1450 de
776 1417 922 1452 Eumne.
957 1410 1180 1452 rationibus
1207 1413 1470 1464 suspitionem
1502 1426 1581 1465 quo
1613 1414 1705 1451 viri-

211 1477 306 1516 liter
324 1478 522 1518 illustrem
547 1494 594 1519 ae
617 1482 861 1532 confirmem,
894 1485 1076 1536 singulas
1102 1484 1160 1522 ita
1181 1496 1416 1536 percurram
1433 1485 1640 1537 reliquias,
1662 1490 1706 1522 ut
1766 1492 1771 1496 '

213 1549 393 1588 ordinem
425 1564 576 1604 sequar
605 1565 685 1590 non
715 1566 819 1603 eum,
849 1557 916 1608 qui
940 1548 1002 1595 est
1027 1555 1134 1609 apud
1156 1554 1391 1603 Oehlernm,
1423 1569 1502 1608 quo
1520 1556 1590 1594 vix
1613 1569 1703 1607 per—

213 1621 433 1659 versiorem
461 1622 645 1661 invenire
675 1625 822 1674 possis,
854 1627 928 1666 sed
957 1642 1079 1680 quem
1108 1626 1375 1679 probabilitas
1404 1625 1473 1664 vel
1504 1631 1617 1664 certa
1645 1627 1703 1664 in-

213 1689 320 1728 dicia
343 1697 413 1730 aut
429 1693 643 1744 pristinum
668 1700 737 1733 aut
760 1687 987 1746 proximum
1011 1713 1036 1737 a
1055 1699 1227 1751 pristino
1250 1711 1342 1737 esse
1367 1702 1552 1748 arguunt.
1593 1697 1704 1747 Ergo

215 1773 320 1812 quae
351 1761 412 1800 illi
435 1770 642 1815 postrema
673 1772 778 1814 sunt⁷
807 1766 858 1805 ab
885 1768 936 1806 iis
963 1769 1060 1808 mihi
1088 1770 1244 1808 initium
1274 1770 1469 1821 capietur.

323 1832 344 1870 Ι
375 1833 456 1886 (25)
490 1837 581 1874 Cum
609 1838 813 1886 Quintipor
843 1839 995 1878 Clodius
1023 1847 1075 1879 tot
1104 1844 1318 1880 comoedias
1352 1843 1434 1878 sine
1461 1842 1541 1878 ulla
1565 1840 1707 1888 feeerit

212 1905 336 1950 Musa,
365 1916 434 1954 eqo
463 1919 581 1945 unum
611 1910 775 1947 libellum
805 1922 881 1948 non
911 1914 1067 1959 edolem,
1097 1920 1140 1952 ut
1172 1915 1226 1949 ait
1255 1914 1435 1949 Ennius?

321 1976 365 2014 H
397 1975 476 2028 (16)
513 1978 684 2028 Mihique
722 1983 800 2019 divi
808 2010 817 2027 ,
860 1981 949 2018 dum
988 1983 1073 2019 stilo
1104 1988 1235 2021 nostro
1260 1985 1397 2031 papiri
1422 1985 1539 2020 intem·
1565 1995 1704 2031 scapos

208 2049 350 2093 capitio
379 2060 474 2086 novo
498 2056 621 2097 partu
643 2053 820 2099 poeticen

323 2116 390 2155 ΙΠ
421 2116 500 2171 (26)
548 2122 758 2159 Vulcanum
793 2133 863 2160 nee
897 2136 982 2160 cum
1020 2136 1140 2162 novae
1182 2127 1343 2173 lctyenae
1362 2105 1542 2162 'ollarum
1570 2126 1702 2174 figura

209 2194 268 2224 ter
291 2196 523 2236 precantur.

209 2256 311 2308 Quis
343 2257 561 2312 Quintipor
590 2261 758 2300 Clodius
789 2262 838 2300 fr.
871 2263 891 2300 1
924 2264 1067 2311 fuerit,
1107 2263 1229 2304 hodie
1260 2256 1476 2317 ignoratur·
1508 2265 1580 2316 (cf.
1612 2265 1698 2305 Rit-

208 2327 388 2366 schelius
423 2331 465 2368 in
503 2331 687 2382 parergis
718 2331 739 2369 I
776 2344 816 2383 p.
854 2333 981 2381 XII„
1005 2333 1056 2372 de
1087 2333 1333 2385 logistorieis
1361 2350 1400 2389 p.
1433 2337 1499 2376 XI
1530 2343 1571 2375 et
1599 2337 1696 2376 Rib-
1734 2394 1738 2396 ἡ

208 2398 376 2445 beckius
421 2400 461 2439 in
512 2401 767 2452 praefatione
815 2402 867 2441 ad
917 2404 1159 2444 comicorum
1196 2405 1432 2460 reliquias):
1483 2410 1583 2448 satis
1626 2410 1697 2448 mi·

205 2469 352 2508 sellum
384 2475 546 2523 poetam
580 2471 706 2511 fuisse
740 2479 782 2512 et
813 2487 862 2513 ex
892 2475 970 2514 hoc
997 2475 1088 2515 loco
1120 2483 1161 2515 et
1190 2491 1240 2516 ex
1271 2478 1352 2516 alio
1384 2479 1566 2520 eiusdem
1596 2481 1697 2520 Var—

206 2540 315 2578 ronis
347 2543 726 2597 cognoscitur,-qui
753 2545 795 2584 in
825 2546 999 2598 epistula
1027 2547 1093 2586 ad.
1109 2548 1268 2587 Fufium
1299 2550 1356 2588 ita
1386 2552 1625 2604 scripserat:

320 2612 555 2661 Quintiporis
575 2615 752 2654 Clodiam
766 2617 897 2666 fortae
919 2630 965 2655 ac
981 2626 1160 2666 poemata
1178 2623 1261 2659 eius
1278 2624 1554 2676 yaryaridians
1574 2624 1677 2661 dices
1687 2641 1698 2661 .-

406 2675 444 2720 'O
465 2684 641 2732 fortuna,
671 2699 693 2724 o
719 2688 808 2736 stirs
834 2690 1010 2737 fortuna,
1043 2691 1197 2738 quantis
1228 2692 1555 2731 commoditdtibus

406 2755 524 2793 Hanc
551 2758 661 2795 diem.

203 2822 270 2862 Sic
319 2825 424 2862 enim
473 2827 661 2878 coniungi
695 2828 845 2868 debent
889 2831 992 2870 haec
1029 2833 1152 2871 Nonii
1188 2834 1439 2873 testimonia:
1475 2849 1516 2887 p.
1555 2841 1639 2885 117,
1672 2843 1694 2878 6

210 2896 335 2934 Varro
368 2900 532 2944 epistula
571 2901 623 2936 ad
649 2901 827 2948 Fufium.-
865 2903 1125 2952 ‘Quintiporis
1156 2927 1209 2931 —-
1236 2906 1324 2953 fors
1352 2906 1547 2954 fortuna?
1578 2912 1618 2945 et
1650 2920 1690 2959 p.

198 2972 279 3013 425,
306 2973 348 3008 18
386 2969 512 3006 Varro
535 2981 593 3017 ep.
619 2972 671 3007 ad
692 2972 867 3019 Fufium:
899 2974 1101 3022 ‘diquaes:
1131 2990 1151 3013 υ
1178 2976 1267 3023 fors
1292 2975 1455 3023 fortuna
1486 2999 1542 3004 -
1561 2980 1689 3016 diem?

1362 3042 1418 3082 9*
