1898 3236
0 2879 23 3024 'qut-‘ff‘
0 2810 10 2860 ⁷'''

28 2786 36 2794 -

730 285 1071 318 comam-mm.
1593 276 1647 321 33

163 392 332 433 subinde
363 393 464 432 alias
495 392 665 441 accidit,
702 398 746 432 ut
773 405 796 431 e
825 391 1102 443 conglutinata
1129 390 1291 431 demum
1320 391 1484 432 diversa
1514 392 1648 433 diver·

162 477 297 502 sorum
334 465 498 503 testium
528 464 722 503 memoria
757 457 910 502 veritas
949 464 1173 512 constaret,
1213 456 1293 502 hoc
1321 464 1363 502 in
1392 469 1530 503 nostro
1555 464 1648 503 loco

162 535 219 573 ita
249 536 404 583 evenit,
442 540 486 572 ut
523 548 545 573 e
582 534 738 573 duabus
774 547 855 571 non
893 534 951 572 ita
981 532 1242 573 dissimilibus
1261 533 1441 582 ,vocibus
1477 535 1649 575 alteram

162 607 290 654 maior
317 619 411 658 pars
439 605 641 652 codicum,
672 588 843 644 alteram
871 605 1254 644 unus‘certe.testi‘s
1277 618 1359 643 non
1387 611 1646 646 contemnen-

136 700 138 703 ·
162 677 236 717 dus
261 664 504 730 perhiberet.
551 676 697 728 Itaque
727 677 785 716 sic
813 676 973 723 demum
1001 677 1229 716 sententiae
1248 689 1363 715 suum
1392 676 1575 728 leporem
1599 689 1648 715 ae

159 747 292 786 lucem
331 754 518 787 constare
551 746 741 789 arbitror:
784 749 834 786 In
873 750 1040 787 bucolico
1076 748 1248 786 cubiculo
1282 749 1451 801 dormire
1484 750 1646 793 mallem,

157 820 300 856 scilicet
323 824 441 867 potus
471 821 598 857 vinum
626 829 750 856 meum
781 820 988 875 cibarium,
1022 831 1145 868 quam
1174 831 1242 870 eqo
1258 821 1372 861 ‚domi
1400 821 1552 857 ieiunus
1580 832 1647 857 cu·

140 890 300 926 ·barem.
361 888 445 928 Sed
474 903 526 929 ne
557 889 654 942 quid
684 888 952 938 dissimulem,
992 889 1068 928 fuit
1099 903 1190 950 cum
1225 890 1276 929 de
1314 903 1382 940 eqo
1410 891 1647 943 pronomine

160 958 406 1008 dubitarem,
435 974 531 1000 num
560 961 762 1006 sincerum
786 966 915 1009 esset,
947 974 1029 1000 non
1058 967 1226 1015 propter
1254 963 1408 1015 ipsum,
1441 961 1515 1001 sed
1539 961 1649 1016 quod
1675 1013 1678 1016 .

158 1043 304 1070 nomen
335 1026 631 1080 desiderarem,
663 1045 741 1085 quo
772 1034 999 1072 accuratius
1029 1036 1132 1073 domi
1157 1034 1411 1082 definiretur,
1443 1034 1558 1073 velut
1586 1046 1647 1072 re-

155 1105 261 1152 qiae,
300 1102 409 1156 quod
438 1104 604 1143 mirifice
632 1105 714 1142 vim
739 1105 1003 1169 oppositionis
1035 1105 1274 1157 adaugeret.
1330 1105 1407 1145 Cui
1435 1107 1649 1159 suspitioni

158 1174 328 1212 forsitan
347 1168 605 1227 praesidium
615 1174 780 1228 aliquod
809 1189 831 1215 e
855 1178 1106 1230 recuperatis
1130 1177 1306 1216 numeris
1329 1173 1522 1216 accedat:
1554 1191 1648 1216 nam

157 1245 292 1284 insunt
320 1259 418 1285 sane
449 1246 490 1284 in
519 1246 601 1285 illis
631 1246 831 1306 ‘tempora
862 1254 974 1288 certa
1003 1248 1230 1302 modique’:

358 1341 409 1388 ''In
437 1351 604 1388 bucolico
630 1351 802 1388 cubiculo
832 1351 1001 1390 dormire
1027 1354 1177 1390 mallem
1205 1351 1351 1390 scilicet
1369 1368 1377 1375 -
1416 1342 1419 1344 ’

357 1414 476 1476 Po'ius
501 1423 626 1460 vinum
650 1424 774 1460 metim
793 1424 1002 1467 cibariam,
1032 1434 1146 1471 quam
1171 1423 1304 1472 reyiae'
1322 1424 1424 1461 domi
1445 1434 1452 1441 ·

357 1494 518 1532 Ie'iunus
547 1494 740 1532 cubdrem.

158 1590 370 1632 Sententia
398 1600 533 1634 autem
562 1597 651 1648 ipsa
673 1595 829 1650 prodit,
863 1609 983 1648 quam
1012 1595 1187 1647 alienam
1213 1609 1238 1634 a
1265 1608 1364 1634 sano
1387 1595 1648 1649 reliquiarum

158 1662 298 1702 ordine
337 1665 478 1704 sedem
514 1666 608 1705 huic
646 1667 872 1718 fragmento
914 1663 1117 1718 Oehlerus
1151 1666 1381 1718 assignarit,
1432 1666 1509 1725 -In⁵
1535 1670 1647 1709 Μουιο,

158 1735 286 1783 enim,
318 1735 426 1774 unde
455 1737 527 1776 illa
554 1741 715 1791 sumpta
745 1743 858 1786 sunt,
898 1737 1029 1778 Varro
1059 1738 1170 1777 vitae
1197 1738 1399 1776 luxuriam
1426 1743 1501 1790 per
1530 1737 1648 1777 varia

154 1817 308 1855 genera
333 1805 386 1844 ad
413 1807 646 1867 frugalioris
673 1809 784 1848 vitae
812 1809 1002 1862 exempla
1033 1810 1092 1848 ita
1114 1804 1373 1864 exagitabat,
1403 1814 1447 1846 ut
1474 1803 1645 1860 agene-

155 1876 368 1924 ralioribus
404 1881 637 1933 praeceptis
678 1879 745 1932 (fr.
776 1889 811 1923 5.
839 1881 878 1934 6)
916 1881 969 1920 ad
1000 1881 1134 1920 cultus
1165 1879 1407 1932 habitusque
1438 1879 1649 1918 mollitiem

156 1948 424 1990 descenderet
453 1950 521 2003 (fr.
550 1957 587 1993 7.
606 1957 642 1993 8.
662 1950 717 2004 9),
746 1965 794 1991 ac
821 1951 1000 1994 ciborum
1027 1947 1382 2005 intemperantiam
1412 1950 1480 2003 (fr.
1506 1958 1564 1993 13.
1589 1957 1646 2003 14.

158 2027 213 2062 16.
246 2021 306 2073 17)
347 2018 684 2076 immodicamque
722 2022 1065 2080 compotationum
1099 2023 1308 2061 licentiam
1344 2021 1538 2074 deinceps
1578 2035 1644 2060 ca-

153 2093 378 2133 villaretur.
436 2094 573 2146 Atque
594 2094 636 2132 in
658 2093 737 2132 hae
756 2100 964 2147 postrema
985 2106 1182 2133 censurae
1198 2087 1322 2146 ‘parte
1343 2098 1526 2131 nostrum
1546 2091 1648 2130 illud

109 2211 112 2214 Δ
154 2165 429 2217 fragmentum
462 2179 577 2205 suam
608 2165 703 2204 olim
734 2165 874 2213 sedem
895 2165 1083 2204 ‘habebat-
1112 2155 1226 2204 iuxta
1256 2178 1346 2203 cum
1374 2163 1458 2211 his,
1506 2177 1530 2201 a
1560 2163 1646 2215 qui-

154 2237 227 2276 bus
256 2239 402 2278 iniuria
433 2237 637 2277 Oehlerus
668 2237 865 2276 secrevit:

270 2346 313 2382 12
346 2342 583 2379 Tremodiam
612 2340 913 2388 amphoramque
936 2340 1097 2376 eandem
1117 2339 1243 2376 temeti
1261 2350 1307 2375 ac
1323 2338 1451 2386 farris
1469 2320 1646 2380 modiumss

269 2419 311 2452 11
613 2411 757 2458 Capitis
786 2411 931 2448 coro'na
954 2409 1095 2458 fasciis
1118 2411 1202 2447 linit

349 2484 517 2522 Faciem
533 2482 570 2519 e't
599 2483 728 2520 labore
755 2481 868 2531 fidula·
901 2481 1037 2519 viridis
1059 2483 1213 2529 premit.
1243 2465 1248 2470 ¹

267 2561 312 2595 10
343 2554 434 2599 Quis
457 2554 609 2602 pdculis
637 2553 830 2602 arye'ntess
858 2553 1018 2592 chorum
1042 2551 1145 2590 intro
1172 2552 1238 2590 ibit
1258 2550 1432 2600 popano*

270 2633 312 2666 15
341 2619 396 2664 'In
425 2626 590 2663 bucolico
621 2635 656 2663 e.
684 2636 724 2676 q.
754 2636 787 2662 s.

155 2727 337 2780 Quorum
364 2700 473 2780 quod
494 2724 673 2764 secundo
700 2725 791 2774 loeo
811 2725 929 2777 posui
951 2724 1080 2763 foede
1092 2723 1346 2776 inquinatum
1364 2721 1487 2760 Nonii
1509 2733 1643 2760 exem·-

153 2799 285 2851 plaria
319 2813 357 2851 Ρ.
389 2803 479 2847 365,
513 2803 556 2838 14
590 2796 670 2834 hoc
707 2795 825 2843 modo
855 2795 1040 2834 tradunt:
1082 2794 1296 2832 ‘Premere’
1334 2799 1472 2841 teqere.
1507 2814 1556 2820 —
1589 2814 1644 2827 -,

162 2871 288 2908 Varro
317 2870 445 2907 Medio
459 2885 470 2906 .·
518 2869 677 2916 ‘capitis
705 2880 848 2918 corona
879 2870 1036 2905 vaccita's
1064 2869 1152 2905 livei
1177 2866 1273 2915 sace·
1300 2871 1344 2906 ut
1371 2865 1502 2902 labore
1528 2865 1648 2911 -fiatili

152 2943 285 2980 viridis
306 2925 488 2988 ‘premit’
547 2940 596 2979 In
635 2938 780 2992 quibus
820 2951 945 2994 unum
983 2939 1207 2980 certissime
1245 2936 1422 2976 restituit
1459 2934 1646 2986 Scaliger

220 3009 396 3049 Vanum,
421 3006 530 3043 Com.
554 3017 592 3040 ιη
612 3007 731 3040 vina.
751 3016 830 3038 sn*-
1350 3003 1374 3042 3
