1898 3236
747 280 1092 313 commeritum.
1611 268 1664 308 75

121 419 125 422 -
177 389 469 443 prehendatur.
527 389 592 427 Ne
619 388 822 426 sententia
850 387 1013 440 quidem
1041 387 1132 438 ipsa
1159 391 1201 424 et
1230 383 1377 431 verba,
1399 390 1442 423 ut
1470 384 1543 422 ille
1574 397 1667 422 con-

178 460 321 508 stituit,
353 459 448 497 mihi
478 458 755 499 satisfaciunt:
785 459 901 498 velut
930 457 1040 511 quod
1072 454 1356 509 philosophiae
1387 469 1459 495 suo
1484 454 1668 507 periculo

179 538 306 571 artem
352 531 545 579 subiecit,
584 537 626 569 et
664 529 801 568 elebat
837 541 1001 567 sensum
1037 528 1264 578 scriptoris,
1289 527 1380 568 ,1100
1422 525 1670 564 conveniens

180 604 256 642 arti
303 600 626 641 commalaxandi
671 599 861 647 verbum,
909 611 988 650 quo
1026 598 1136 648 rigor
1174 597 1456 650 'philosophiae
1495 597 1670 634 maxime

179 675 355 722 stoicae,
387 685 508 725 quam
535 661 758 721 ἀδιάφορον
783 669 887 709 1111111
915 667 1161 716 subindicat,
1189 667 1399 707 commode
1421 666 1670 717 designatur.

179 747 273 785 Non
308 745 437 795 magis
475 742 703 781 sententiae
742 754 983 792 congruum,
1023 738 1132 792 quod
1167 738 1309 777 scribit
1352 749 1422 776 nec
1458 739 1511 774 mi
1534 738 1672 786 frenos

178 819 356 867 imposuit
382 816 586 864 cupiditas,
619 825 709 850 011111
737 812 942 851 frenorum
971 810 1063 850 loco
1098 809 1275 848 calcaria
1303 809 1438 861 potius
1464 814 1671 860 expectes.

178 890 270 928 Hoc
303 888 410 927 enim
450 885 550 924 dicit
583 883 675 931 ille,
715 883 897 935 quisquis
937 888 1020 930 est,
1055 894 1184 933 quem·
1211 879 1470 933 philosophia
1498 892 1670 917 comma-

178 960 349 1006 laxavit,
381 971 458 996 nec
483 957 570 995 irae
598 968 643 994 se
671 953 889 993 indulsisse
921 960 962 993 et
989 952 1254 1004 cupiditatem
1280 952 1526 990 refrenasse.
1587 949 1672 989 Sed

179 1033 286 1071 hanc
324 1034 571 1082 postremam
597 1031 754 1079 partem
784 1025 1010 1064 sententiae
1039 1022 1198 1075 pridem
1227 1022 1494 1075 probabiliter
1514 1023 1672 1073 Popma

179 1101 375 1141 restituit:
415 1110 538 1148 neque
571 1100 671 1135 irato
710 1098 803 1134 mihi
826 1097 998 1133 habenas
1020 1097 1110 1134 dedi
1138 1107 1347 1143 umquam,
1377 1105 1499 1142 neque
1526 1094 1673 1141 capidi—

180 1175 252 1211 tati
284 1184 360 1210 non
392 1172 556 1219 imposui
588 1170 738 1218 frenos.
798 1166 848 1204 In
883 1167 996 1204 initio
1037 1166 1233 1205 enuntiati
1268 1167 1398 1204 dolore
1436 1177 1517 1202 non
1551 1177 1674 1216 posse

180 1257 323 1284 verum
352 1256 456 1290 esse,
486 1240 581 1279 olim
607 1243 869 1292 perspectum
900 1242 985 1276 est:
1023 1237 1122 1276 licet
1151 1236 1388 1284 addubites,
1425 1240 1557 1273 utrum
1585 1248 1674 1273 cum

181 1316 300 1354 Iunio
329 1316 496 1353 dolorem
531 1325 582 1350 an
612 1323 701 1349 cum
723 1309 909 1348 Mercero
937 1309 1115 1360 corrigas
1145 1311 1286 1347 dolere.
1327 1308 1445 1346 Haec
1476 1320 1573 1345 vero
1606 1318 1676 1345 nec

181 1388 348 1425 dolorem
387 1384 599 1433 adiafuron
633 1393 714 1420 esse
748 1394 829 1419 non
859 1379 997 1419 dubito
1026 1381 1121 1432 quin
1150 1379 1203 1418 ad
1234 1379 1423 1417 amissam
1455 1378 1675 1433 superioris

183 1457 411 1496 sententiae
447 1460 606 1507 partem
641 1452 884 1504 pertineant.
943 1451 1050 1489 Nam
1086 1450 1196 1503 quod
1231 1449 1434 1490 Oehlerus
1474 1451 1515 1488 in
1557 1450 1675 1488 unius

185 1526 557 1578 comprehensionis
593 1523 785 1563 ambitum
820 1526 985 1575 coaptat
1022 1521 1146 1560 haec:
1192 1533 1262 1559 nec
1293 1523 1423 1559 dolore
1451 1512 1676 1570 ἀδιάφορον

184 1609 286 1643 esse,
324 1599 426 1646 quod
452 1596 696 1644 philosophia
730 1591 804 1644 (sc.
836 1591 1015 1644 statuit),
1044 1594 1373 1631 commalaxarem
1403 1593 1443 1629 in
1471 1602 1555 1628 eam
1582 1603 1677 1639 par-

186 1675 280 1715 tem,
319 1661 508 1721 quodque
539 1666 723 1705 Kochius
760 1665 924 1707 incaute
959 1650 1068 1702 illius
1099 1662 1384 1703 emendatione
1413 1663 1524 1701 nisus
1556 1674 1676 1701 exco-

184 1740 343 1791 gitavit,
373 1751 444 1776 nec
473 1740 602 1776 dolere
633 1727 855 1785 ἀδιάφορον
884 1746 979 1780 esse,
1011 1736 1092 1782 quit
1115 1735 1361 1783 philosophia
1389 1735 1679 1772 commalaxare

186 1823 244 1850 me
271 1812 311 1849 in
338 1822 423 1848 eam
442 1815 619 1859 partem,
658 1804 926 1859 improbabile
954 1811 1182 1857 utrumque.
1241 1804 1369 1843 Immo
1401 1804 1451 1843 ab
1481 1804 1543 1843 his
1575 1807 1678 1854 quod

178 1883 424 1932 philosophia
460 1892 609 1918 novum
646 1877 789 1929 incipit
819 1876 1095 1923 enuntiatum,
1130 1874 1239 1927 quod
1273 1887 1348 1925 ego
1381 1875 1546 1927 propius
1577 1889 1602 1913 a
1631 1875 1677 1913 li-

185 1952 346 1991 brorum
394 1950 588 1990 memoria
631 1950 688 1988 ita
726 1947 1010 1999 corrigendum
1046 1945 1240 1985 arbitror:
1297 1949 1400 1995 quod
1432 1948 1680 1995 philosophia

185 2025 505 2061 conmalaxaram
531 2034 588 2060 me
615 2021 806 2070 apathem,
837 2030 959 2067 neque
987 2021 1088 2057 irato
1117 2019 1210 2055 mihi
1235 2032 1270 2057 e.
1297 2031 1336 2070 q.
1360 2031 1392 2056 s.
1431 2018 1541 2057 Illud
1571 2018 1680 2071 quod

186 2092 320 2132 scribo
348 2095 669 2131 conmalaoearam
699 2104 831 2129 meum
861 2096 942 2129 est:
982 2089 1142 2142 reliqua
1169 2101 1227 2127 mo
1259 2091 1438 2138 apathem
1467 2089 1678 2142 praeclare

186 2164 345 2215 Popma
381 2163 570 2202 restituit.
630 2163 777 2214 Itaque
814 2162 985 2212 emergit
1023 2174 1127 2199 1111110
1169 2160 1271 2198 11300
1309 2160 1433 2198 totius
1462 2159 1680 2210 fragmenti

187 2235 367 2287 species:
398 2257 452 2261 ——
480 2245 549 2272 nec
579 2236 746 2271 dolorem
777 2234 991 2281 adiafaron
1021 2243 1114 2269 esse.
1175 2233 1278 2279 quod
1308 2231 1556 2278 philosophia
1591 2243 1680 2268 con-

189 2309 434 2344 malaxaram
465 2315 523 2341 me
552 2305 743 2352 apathem,
777 2317 898 2353 neque
927 2307 1027 2341 irato
1058 2304 1151 2340 mihi
1177 2303 1347 2340 habenas
1372 2303 1461 2340 dedi
1488 2315 1679 2350 umquam,

188 2389 309 2426 neque
337 2376 540 2425 cupiditati
568 2386 643 2411 non
673 2376 828 2423 inposui
851 2375 999 2423 frenos.
1063 2373 1114 2411 In
1140 2372 1284 2425 quibus
1310 2373 1449 2412 nescio
1477 2387 1529 2412 311
1553 2374 1679 2412 acrio-

188 2462 254 2486 res
290 2460 409 2485 aures
448 2458 703 2483 numerorum
745 2444 843 2497 quid
870 2443 1190 2497 persentiscant:
1234 2454 1298 2484 m'e
1328 2445 1460 2483 fateor
1495 2445 1595 2483 nihil
1626 2445 1681 2484 ibi

190 2518 267 2557 nisi
305 2515 472 2569 probam
509 2516 736 2554 orationem
769 2515 1003 2568 pedestrem
1033 2528 1270 2565 agnoscere.
1330 2515 1386 2555 Ut
1415 2515 1497 2553 iam
1525 2515 1681 2554 nullum

191 2590 242 2627 sit
280 2602 302 2627 e
341 2600 414 2626 sex
453 2587 537 2626 eius
587 2593 749 2626 saturae
792 2587 1029 2637 fragmentis
1079 2586 1188 2639 quod
1242 2586 1359 2625 metri
1404 2587 1584 2638 speciem
1620 2587 1678 2625 af-

190 2660 311 2698 ferat.
378 2657 500 2710 Quod
537 2663 674 2697 tamen
715 2657 942 2698 cavendum
981 2663 1043 2696 est
1079 2671 1131 2697 ne
1170 2658 1278 2710 quis,
1294 2657 1477 2710 cupidius
1514 2658 1556 2696 in
1592 2671 1681 2697 eam

192 2730 434 2769 sententiam
477 2728 784 2781 interpretetur,
834 2730 994 2768 omnino
1043 2723 1108 2786 'ab
1134 2728 1213 2767 hac
1247 2733 1385 2767 satura
1416 2727 1510 2766 olim
1538 2742 1682 2767 versus

190 2802 318 2840 fuisse
353 2799 561 2839 exclusos:
609 2813 851 2853 quamquam
887 2814 940 2840 ne
976 2800 1055 2839 1100
1094 2799 1259 2853 quidem
1294 2812 1486 2851 umquam
1526 2799 1682 2837 factum

192 2886 284 2911 esse
321 2872 413 2923 quis
450 2870 683 2922 praefracte
712 2871 864 2921 neget?
921 2870 1074 2910 Nescio
1103 2885 1154 2910 an
1183 2870 1285 2910 illud
1313 2871 1434 2908 etiam
1464 2868 1682 2908 admonere

193 2940 387 2990 debeam,
427 2943 747 2981 conmalaxaram
783 2953 842 2979 me
884 2944 1062 2992 apathem
1095 2948 1287 2981 consueta
1316 2941 1519 2995 prolepsi,
1563 2954 1683 2994 quam
