1898 3236
212 226 217 230 ’
274 240 355 280 224
415 276 418 279 ,
845 228 1188 285 οοΝῙΕΟΤΑΝΕΑ.

385 356 430 394 Ρ.
462 361 528 396 188
556 368 593 392 v.
626 361 648 396 6
679 355 877 395 debebam
903 356 953 396 de
982 334 1092 396 eieci}
1118 359 1258 420 forma·
1276 359 1579 399 Lachmannum
1597 361 1752 400 ‘afferre

272 425 311 462 in
340 424 519 463 Lucretii
549 424 694 464 librum
724 427 767 465 Il
796 433 877 468 951.

383 497 419 534 E
451 499 684 537 Sssouiumxis
715 498 763 536 fr.
785 504 820 546 9,
852 498 903 537 de
931 512 1010 551 quo
1036 513 1075 552 p.
1103 506 1170 540 124
1194 500 1410 553 disputavi,
1442 501 1553 540 nulla
1574 501 1755 568 adhibita

271 567 489 604 mutatione
516 554 680 618 probus,
706 573 750 606 ut
778 574 888 619 puto,
921 560 1121 608 Sotadeus
1152 570 1307 622 prodit:

411 709 415 713 ᾗ
435 656 549 702 Qui
574 669 614 694 se
643 660 683 695 in
710 670 873 714 yaneun}
904 659 951 697 a'c
981 671 1135 698 censum
1164 663 1323 700 cdniecit
1349 663 1508 700 amicae.
1540 656 1543 658 ¹

383 747 475 785 Non
513 746 639 784 semel
677 748 894 786 molossica
928 749 1130 788 vocabula
1164 750 1268 789 binis
1299 752 1532 791 accentibus
1562 752 1753 803 insignita
1812 744 1814 746 θ

270 817 336 855 vel
371 817 548 869 compari
581 829 768 855 mensura
805 817 955 858 formas
991 821 1031 859 in
1063 822 1217 860 medios
1255 836 1396 861 versus
1434 829 1516 860 tam
1554 820 1753 860 ‘iambicos

271 895 391 939 quam·
426 885 654 924 trochaicos
694 886 858 936 admisi,
900 904 979 928 non
1018 891 1125 943 quod
1157 905 1206 930 ea
1237 907 1318 930 non
1346 907 1486 944 parum
1516 898 1633 943 grata
1661 905 1751 930 esse

270 958 507 1005 sensissem,
545 957 618 996 sed
654 959 863 1010 quianon
897 956 1028 999 aliam'
1056 961 1290 1000 dimetiendi
1320 975 1462 1000 versus
1491 963 1598 1000 viam
1628 960 1749 1012 dispi-

270 1027 425 1066 ciebam
446 1016 501 1065 ‘et
533 1041 654 1079 posse
695 1028 766 1066 illa
811 1029 944 1081 aliquo
979 1030 1096 1069 modo
1132 1031 1297 1074 defendi
1341 1031 1547 1084 opinabar.
1607 1031 1670 1068 Ac
1700 1043 1750 1068 ne

268 1110 373 1135 nunc
405 1097 567 1149 quidem
597 1098 734 1137 reiicio
765 1099 832 1137 vel
861 1090 1079 1137 ‘iambicum
1111 1096 1311 1139 senarium
1340 1116 1380 1153 p.
1412 1108 1478 1143 69:

471 1188 582 1226 Levis
611 1200 715 1226 mens
745 1186 949 1237 numquam
978 1201 997 1226 s
1006 1190 1027 1226 ό
1037 1203 1071 1227 m
1081 1203 1105 1228 n
1117 1203 1141 1228 u
1152 1205 1174 1228 r
1183 1205 1207 1229 n
1218 1193 1241 1230 ά
1251 1204 1270 1229 s
1290 1192 1483 1247 jmdqines

271 1276 339 1327 (de
370 1277 616 1316 senariorum
645 1278 869 1330 particulis,
901 1291 1000 1331 quas
1027 1293 1066 1331 p.
1089 1285 1133 1321 45
1164 1281 1356 1333 disposui,
1389 1279 1446 1319 ob¹
1467 1280 1648 1318 mutilam
1668 1292 1750 1318 me-

268 1349 433 1386 moriam
478 1348 625 1388 certius
660 1349 829 1388 iudicari
866 1351 1045 1402 nequit),
1085 1351 1152 1390 vel
1192 1352 1463 1404 septenarium
1503 1350 1770 1389 trochaicum.
1829 1350 1834 1355 '

268 1434 306 1471 p-
338 1426 404 1462 83:

469 1512 547 1548 Ρνό
574 1523 646 1549 sua
666 1518 782 1560 parte
810 1515 842 1549 is
866 1512 935 1560 qui
962 1524 1001 1549 se
1028 1514 1219 1550 emma-hat
1249 1516 1329 1551 αάι
1359 1514 1477 1550 talis
1507 1515 1574 1561 qui
1598 1505 1749 1557 liberos,

268 1601 309 1638 in
346 1613 424 1652 quo
466 1600 574 1652 quod
609 1613 700 1640 mea
729 1602 1130 1654 coniecturascripsi
1165 1609 1231 1640 aut
1262 1606 1349 1640 talis
1383 1602 1425 1640 id
1454 1607 1498 1640 ut
1522 1615 1601 1640 non
1631 1592 1749 1639 uni'ce

268 1684 407 1709 verum
438 1671 525 1722 ipse
555 1672 761 1719 existimo,
799 1673 855 1710 fta
890 1685 970 1710 non
1009 1678 1104 1723 puto
1135 1685 1242 1711 mero
1274 1674 1389 1711 metri
1423 1673 1582 1711 n'omine
1613 1685 1749 1723 repro-

268 1741 373 1796 bari:
414 1741 747 1797 quemadmodum
787 1743 906 1781 simili
952 1743 1108 1793 ratione
1147 1756 1185 1794 p.
1223 1749 1269 1784 70
1297 1743 1404 1781 hunc
1436 1744 1586 1781 exitum
1617 1748 1748 1794 septe·

267 1811 370 1849 narii
402 1812 534 1849 suasi:
1240 1820 1243 1822 ·

805 1886 872 1921 sed
900 1883 985 1920 ne'e
1014 1885 1209 1921 vetulz'cs
1237 1874 1442 1921 cantab-ius.

268 1971 351 2010 Sed
382 1970 552 2009 eandem
582 1970 788 2014 licentiam
816 1985 905 2010 cum
936 1972 1055 2011 etiam
1086 1973 1137 2011 ad
1167 1972 1419 2025 septenarios
1445 1972 1642 2010 ‘iambicos
1678 1971 1747 2010 ad-

266 2041 458 2089 hiberem,
492 2042 624 2093 opinio
651 2056 714 2081 me
736 2043 902 2087 fefellit:
934 2057 1024 2091 nec,
1056 2043 1153 2095 quid
1177 2044 1218 2081 in
1241 2056 1288 2081 eo
1313 2043 1551 2081 discriminis
1573 2043 1746 2094 positum
1799 2040 1801 2042 ’

267 2119 395 2161 esset,
428 2126 589 2158 sensum
619 2114 784 2166 quidem
811 2129 943 2153 meum
974 2115 1094 2165 fugit:
1121 2121 1216 2166 quo
1247 2126 1367 2152 sensu
1398 2113 1541 2151 ductus
1571 2125 1646 2150 nec
1673 2110 1747 2149 tuli

267 2198 305 2235 p.
334 2189 379 2224 72
408 2184 513 2222 hunc
546 2175 936 2236 septenarii-finem:
1310 2177 1314 2180 ’

804 2277 828 2313 h
841 2275 864 2312 ά
876 2289 898 2312 n
910 2288 930 2312 c
961 2287 980 2311 e
990 2289 1012 2312 a
1023 2289 1046 2312 η
1057 2278 1083 2313 cl
1091 2275 1114 2312 ε’
1122 2288 1155 2312 m
1187 2265 1414 2322 voluptdtem

268 2359 307 2390 et
331 2366 371 2403 p.
401 2358 444 2393 47
475 2352 568 2390 huic
600 2353 756 2399 versui:

468 2443 542 2487 Qui
565 2444 774 2480 suscitabat
802 2437 1023 2480 'Atticarum
1053 2440 1293 2480 mz‘csarzm
1323 2442 1534 2490 scriptores

267 2532 454 2582 ascripsi:
497 2531 594 2569 ‘sed
636 2531 877 2570 iuoommodi
915 2538 1007 2570 sunt
1044 2544 1239 2570 musarum
1268 2531 1507 2582 molossicae
1537 2527 1649 2568 vocis
1680 2542 1745 2567 ae—

267 2602 437 2639 centus?
498 2601 565 2641 Sic
607 2603 711 2640 enim
744 2602 890 2652 corrigi
928 2601 1097 2649 debent,
1137 2615 1240 2654 quae
1274 2601 1329 2639 ibi
1358 2613 1571 2653 perperam
1597 2600 1746 2651 scripta

265 2671 462 2721 leguntur.
523 2672 607 2710 Sed
644 2685 735 2710 cum
770 2685 846 2710 nec
880 2672 994 2710 illum
1019 2685 1095 2710 nec
1125 2672 1231 2709 hunc
1259 2684 1444 2719 versum,
1482 2680 1607 2723 quem.
1629 2683 1669 2721 p.
1701 2675 1746 2710 69

265 2741 400 2792 posui:
651 2777 654 2780 .
1142 2772 1147 2777 .
1671 2778 1685 2800 ‚⁸

468 2813 592 2850 Novo's
620 2815 782 2850 maritus
810 2812 992 2850 idcitulu's
1024 2814 1145 2849 taccim
1177 2811 1352 2849 t'coeorz's
1379 2811 1546 2860 solvebat

266 2890 435 2935 viderer
472 2890 624 2942 absque
665 2904 712 2928 ea
762 2893 951 2928 mensura
996 2891 1239 2928 constituere
1276 2902 1417 2940 posse,
1465 2887 1742 2938 circumspexi,
