1898 3236
771 291 1114 325 corusci-mm.
1631 287 1686 328 53

198 403 249 440 In
276 399 346 439 illo
380 396 631 452 φιλοθέωρον
661 402 799 449 ecquid
825 398 969 451 scripsi
987 411 1061 451 pro
1082 397 1250 457 uulgato
1270 403 1422 449 nequid,
1454 399 1564 454 quod
1588 414 1684 455 quo-

198 472 318 511 modo
355 470 631 511 intellexerint
668 470 911 523 interpretes
949 482 1030 508 non
1066 469 1201 509 video.
1270 469 1352 522 Qui
1385 484 1436 510 ne
1475 471 1518 510 iu
1552 475 1688 511 viderit

198 542 381 596 quidem,
412 541 521 596 quod
550 542 727 582 traditur
755 539 868 592 (vide
898 540 1076 578 Nonium
1103 555 1144 592 p.
1175 546 1266 588 259,
1286 539 1350 592 9),
1378 542 1594 596 quicquam
1624 545 1682 583 of-

198 615 393 653 fensionis
418 618 704 666 reppererunt:
745 613 858 651 cuius
887 611 978 650 loco
1004 611 1073 650 vel
1103 613 1233 649 videas
1257 611 1325 650 vel
1355 615 1508 651 visurus
1531 617 1585 652 sis
1615 621 1682 653 ex·—

197 684 446 743 pectaveris:
485 697 654 736 quorum
682 690 820 723 tamen
848 689 1035 723 neutrum
1062 681 1221 720 traditis
1254 682 1400 723 litteris
1426 685 1682 725 commenda·

196 761 273 794 tur.
332 755 484 794 Lenius
522 760 603 803 est,
641 755 748 808 quod
775 756 957 807 reposui,
990 757 1118 793 videre
1144 756 1211 800 sit,
1240 754 1280 794 h.
1312 768 1347 794 e.
1374 755 1498 795 liceat
1527 756 1682 796 videre.

196 826 260 864 Ea
284 825 390 863 enim
410 828 638 874 structura,
669 826 768 865 licet
794 840 876 865 non
905 827 958 864 sit
987 826 1180 879 antiquae
1221 830 1262 864 et
1293 838 1513 876 germanae
1549 827 1682 867 latini-

194 895 302 942 tatis,
334 908 431 934 usus
461 901 597 935 tamen
627 902 689 936 est
715 891 846 937 Varr'o
879 903 920 936 et
947 896 1099 950 primus
1125 895 1301 949 quidem,
1331 902 1375 937 ut
1396 897 1683 938 Lachmannus

193 967 346 1005 monuit
376 966 428 1005 ad
457 966 638 1006 Lucretii
666 967 706 1006 V
733 974 804 1009 533
831 967 956 1007 allato
988 967 1189 1020 exempIO,
1222 968 1332 1022 quod
1357 974 1419 1008 est
1448 969 1557 1022 apud
1584 969 1682 1010 Gel-

191 1037 290 1076 lium
319 1037 471 1077 XVHI
501 1045 565 1086 12,
597 1045 619 1081 9
647 1042 749 1078 inter
779 1041 878 1078 duas
903 1042 1007 1088 filias
1036 1051 1167 1089 reyum
1197 1041 1290 1090 quid
1317 1046 1444 1087 mutet,
1475 1044 1577 1079 inter
1606 1044 1683 1080 An-

192 1111 358 1157 tiqonam
387 1115 424 1148 et
457 1111 640 1158 Tulliam,
672 1116 730 1150 est
758 1113 1075 1150 animadvertere.
1117 1121 1124 1127 ·

304 1196 373 1235 Fr.
406 1201 450 1236 12
473 1195 604 1243 favet,
637 1196 678 1234 ni
707 1196 842 1247 fallor,
872 1198 1067 1250 imprimis
1097 1211 1214 1237 meae
1240 1197 1481 1251 opinationi,
1511 1196 1590 1236 hac
1618 1211 1682 1236 sa-

159 1259 162 1261 *
191 1272 282 1306 tura
312 1272 483 1306 naturae
513 1267 845 1319 contemplationi
871 1269 1022 1321 opponi
1042 1282 1132 1307 eam
1158 1270 1369 1317 rationem,
1400 1282 1506 1322 quae
1536 1268 1580 1307 in
1599 1282 1682 1307 mo-

190 1337 303 1377 ribus
335 1343 376 1377 et
403 1343 551 1377 natura
578 1337 786 1376 hominum
813 1343 1014 1378 versetur.

302 1420 340 1459 E
382 1420 526 1459 ceteris
570 1419 771 1472 reliquiis,
810 1434 979 1472 quarum
1016 1434 1097 1459 non
1140 1421 1253 1472 potui
1288 1434 1437 1460 nexum
1470 1420 1681 1472 indagare,

190 1491 242 1531 fr.
266 1497 289 1533 9
320 1491 402 1530 suis
427 1492 604 1530 numeris
633 1490 866 1530 Meinekius
897 1492 1096 1529 restituit:

578 1622 585 1629 .
645 1593 722 1637 ηόη
750 1594 903 1639 videtis,
933 1594 1034 1631 unus
1063 1599 1106 1631 ut
1133 1595 1251 1631 Amor
1269 1593 1464 1642 pa'rvulus

389 1658 580 1720 'Ardifeta
609 1663 787 1713 lampade
813 1666 928 1702 arida
959 1663 1051 1714 (ἱραί
1071 1654 1236 1703 amanlis
1266 1665 1504 1704 aestuantis?

191 1766 404 1810 coniuncto
431 1779 520 1804 cum
551 1765 791 1805 catalectico
817 1770 1052 1805 tetrametro
1079 1767 1328 1807 acatalecto:
1360 1781 1465 1822 quae
1495 1769 1681 1808 iunctura

190 1836 313 1874 habet
339 1849 412 1874 sua
436 1836 478 1874 in
498 1835 560 1874 his
580 1835 845 1874 Varronianis
869 1837 1078 1889 exempla:
1112 1839 1165 1878 cf.
1189 1843 1277 1876 CRAS
1303 1842 1417 1876 Cnizno
1446 1843 1554 1877 Ηουιε
1577 1844 1679 1878 Num.

189 1909 237 1946 fr.
270 1914 286 1948 l
322 1906 373 1946 ab
405 1906 548 1946 eodem
577 1907 785 1946 Meinekio
815 1915 1118 1960 recuperatum:

391 1998 535 2044 Quibus
564 2000 750 2037 instabilis
779 1999 930 2038 (inimus
955 2002 1099 2039 ardens
1120 2003 1350 2040 mutabiliter
1372 2003 1458 2041 a'vet
1479 2005 1622 2042 habere
1643 2009 1682 2041 el

390 2070 475 2107 Νόη
505 2071 666 2114 habere,
694 2063 934 2118 fastidiliter'
949 2070 1185 2111 inconstanti
1204 2072 1376 2121 pectore.

186 2171 303 2210 Idem
334 2185 356 2210 e
386 2177 550 2211 nostrae
579 2177 742 2210 saturae
771 2171 821 2210 fr.
846 2179 890 2214 10
916 2173 1083 2212 eosdem
1101 2187 1291 2220 numeros
1310 2175 1553 2223 trochaicos,
1585 2175 1677 2214 abs-

184 2243 302 2281 tersis
347 2243 517 2295 primum
553 2242 696 2281 naevis
726 2242 982 2294 quibusdam,
1012 2257 1240 2283 emersuros
1269 2244 1499 2284 admonuit:
1540 2260 1675 2286 emen-

128 2337 141 2343 ν
186 2313 391 2352 dationem
431 2315 562 2365 ipsam
598 2319 762 2365 praeter
805 2327 956 2352 morem
991 2315 1156 2369 reliquit
1197 2315 1301 2355 aliis.
1362 2315 1514 2356 Videat
1555 2319 1678 2370 igitur

186 2386 249 2423 vir
279 2386 469 2431 eximius,
519 2383 713 2437 numquid
750 2385 838 2436 ipse
882 2386 1221 2436 excogitaverim,
1269 2400 1341 2426 suo
1378 2387 1486 2440 quod
1518 2383 1689 2427 calculo

183 2455 342 2508 probet.
402 2456 511 2505 Ergo
548 2454 705 2492 Nonius
741 2455 843 2494 haec
880 2455 1021 2495 scribit
1057 2471 1097 2509 p.
1137 2461 1304 2504 140,·16
1344 2459 1604 2498 ‘mulieravit'
1636 2468 1676 2499 ut

185 2529 430 2575 effeminavit.
490 2525 614 2564 Varro
650 2527 791 2564 Gnotki
817 2533 998 2566 seauton:
1027 2529 1095 2566 ‘Et
1124 2540 1200 2566 rex
1225 2534 1263 2566 et
1290 2531 1460 2568 misellus
1487 2533 1549 2569 ille
1572 2545 1674 2580 pau-

180 2609 257 2646 per
289 2602 393 2635 amat
430 2598 615 2645 habetque
657 2599 781 2646 iqnem
808 2600 913 2636 intus
945 2611 1097 2638 acrem:
1135 2601 1197 2638 hic
1231 2601 1411 2650 esebitum
1447 2604 1674 2648 mulieravit,

187 2671 248 2706 hic
295 2671 348 2706 ad
383 2670 542 2706 mecada
579 2670 859 2707 adulescentem
895 2672 1110 2708 cubiculum
1135 2673 1302 2718 pudoris
1328 2674 1480 2719 primus
1503 2674 1674 2720 polluit?

183 2740 233 2778 In
277 2739 340 2778 his
384 2739 556 2791 primum
591 2739 770 2787 efebilum
811 2740 1062 2780 correctione
1098 2741 1272 2792 indiget:
1321 2755 1443 2795 quam
1472 2742 1672 2795 quomodo

185 2810 254 2848 alii
285 2810 532 2849 instituerint
561 2810 694 2848 mitto:
741 2811 944 2850 sententia
967 2812 1085 2852 unice
1119 2815 1256 2862 ephebi
1289 2814 1494 2867 notionem
1522 2813 1675 2866 requiri

183 2881 359 2920 Ioannes
388 2880 576 2920 Cauchus
600 2880 703 2919 vidit
732 2880 773 2919 in
807 2881 983 2921 editione
1011 2883 1140 2922 Iunii:
1179 2887 1334 2922 medeca
1357 2883 1452 2922 olim
1472 2883 1671 2922 editiones

186 2965 325 2991 omnes
356 2958 395 2991 et
413 2951 834 2992 Wolfenbuttelanus:
870 2953 978 2993 unde
1007 2953 1218 3006 ingeniose
1250 2954 1437 3008 Scaliger
1465 2957 1674 2994 moecliada
