1898 3236
747 263 1091 295 conmc'rANEA.
1616 253 1631 291 1
1646 252 1662 291 1

447 373 522 419 Qui
548 373 775 421 fabularum
805 372 992 408 collocant
1020 370 1196 412 exordia,

454 444 501 482 Ut
529 445 664 481 comici
673 472 682 488 ‚
713 443 902 480 cinaedici
908 471 917 487 ,
928 481 937 486 ,
947 441 1133 478 scenatici
1140 455 1151 476 .·

450 515 592 560 Quibus
620 524 730 551 suam
757 514 915 550 delectet
943 513 1025 559 ipse
1055 512 1243 547 amusium

447 585 501 622 Et
529 585 745 642 auiditatem
771 581 948 630 speribus
977 582 1090 619 lactet
1117 582 1209 618 suis.
1247 571 1250 573 ³

179 675 243 715 Cf.
273 674 370 713 ibid.
401 688 442 726 p.
471 679 535 714 121
570 678 611 710 et
639 673 681 710 in
703 670 844 710 Manil.
871 683 911 722 p.
939 675 1020 712 367.

293 765 602 804 Calumniantu‘r
631 770 836 804 cantorem
865 777 986 817 porro
1017 762 1087 802 alii
1119 775 1170 801 ex
1199 761 1426 800 auditorum
1460 776 1668 811 consessu,

177 842 221 875 ut
248 836 341 883 ille,
382 837 451 888 qui
477 837 623 884 istum,
655 835 816 886 opinor,
856 826 1000 885 μικρὸν
1028 827 1306 884 φθεγγόμενον
1336 829 1403 870 καὶ
1438 829 1572 885 ἰσχνὸν
1599 830 1668 871 καὶ

177 905 443 958 γυναικῶδες,
471 912 516 945 ιιι
541 907 598 945 ait
624 905 829 944 Lucianus
859 906 901 944 in
923 905 1094 956 Nigrino
1123 910 1160 944 ll
1178 934 1187 951 ,
1216 917 1297 942 non
1322 904 1549 942 masculum
1577 917 1668 942 esse

179 978 252 1017 sed
290 977 590 1024 mulierculam,
638 989 743 1028 quae
779 988 996 1028 personam
1031 975 1203 1013 maseuli
1239 974 1435 1021 induerit,
1479 974 1668 1012 affirmat.

179 1048 312 1100 Quem
333 1049 420 1087 fere
439 1054 484 1087 ut
503 1047 613 1101 apud
632 1046 870 1086 Iuvenalem
890 1045 960 1084 ille
982 1045 1033 1084 de
1055 1044 1261 1084 comoedis
1279 1043 1494 1084 Graeculis
1513 1033 1666 1086 111'96:

775 1149 897 1175 vacua
927 1141 964 1174 et
984 1139 1111 1185 plana
1140 1138 1266 1174 omnia
1295 1137 1403 1174 dicas

379 1211 500 1260 Infra
526 1210 778 1247 ventriculum
805 1213 843 1246 et
871 1209 978 1246 tenui
1004 1209 1186 1245 distantia
1214 1208 1315 1243 rima

178 1300 331 1339 dixisse
358 1299 598 1353 putaverim.
657 1298 780 1337 Talia
805 1298 912 1338 enim
934 1297 1081 1348 colligo
1107 1310 1158 1335 ex
1178 1296 1279 1345 hae,
1312 1310 1392 1349 qua
1414 1296 1475 1335 illi
1499 1310 1666 1348 respon-

179 1371 265 1410 deri
294 1370 475 1419 videtur,
505 1370 730 1409 sententia:

290 1473 396 1512 VIII
421 1454 500 1523 (11)
563 1472 606 1510 Si
639 1452 722 1509 ¹non
758 1473 851 1520 plus
893 1471 1153 1508 testiculorum
1197 1471 1408 1518 offenderis
1465 1482 1581 1518 quam
1629 1473 1666 1506 in

402 1548 572 1581 castrato
602 1555 743 1592 pecore
772 1545 812 1580 in
844 1542 1005 1591 Apulia,
1054 1542 1186 1579 vincor
1222 1552 1299 1578 non
1338 1551 1421 1578 esse
1457 1543 1666 1578 masculum

403 1616 457 1652 ad
483 1625 576 1652 rem.

177 1718 239 1755 Ad
257 1728 338 1755 rem
356 1720 490 1763 reete,
521 1719 565 1752 ut
584 1719 706 1766 puto,
738 1712 939 1753 Oehlerus
962 1712 1014 1751 de
1035 1725 1080 1751 re
1100 1712 1269 1750 veneria
1288 1713 1468 1765 aceepit,
1505 1713 1666 1765 quando

177 1788 236 1826 sic
260 1786 368 1826 nude
394 1798 476 1825 rem
503 1799 553 1825 ea
579 1785 622 1824 vi
651 1784 732 1824 dici
761 1785 887 1823 latine
918 1797 941 1823 e
963 1783 1111 1823 Plauto
1137 1787 1178 1822 et
1201 1783 1396 1822 Terentio
1416 1792 1553 1822 notum
1581 1790 1664 1823 est:

178 1864 222 1897 ιιι
242 1858 417 1897 fortasse
442 1871 524 1896 non
543 1857 682 1909 inepte
704 1856 861 1895 Nonius
885 1869 925 1908 p.
951 1860 1031 1903 141,
1055 1861 1077 1896 9
1096 1855 1175 1894 hoe
1201 1855 1291 1894 loco
1322 1854 1562 1894 ‘masculum
1591 1870 1665 1909 pro

179 1929 273 1967 forti
294 1941 342 1967 ae
362 1928 611 1967 vehementi'
630 1926 711 1966 dici
729 1926 908 1975 adnotet,
942 1927 1000 1965 ita
1016 1931 1060 1964 ut
1082 1926 1144 1965 his
1168 1929 1378 1965 masculum
1399 1929 1452 1965 ad
1466 1940 1547 1965 rem
1564 1929 1665 1967 Var-

178 2014 222 2039 ro
250 2013 341 2040 eum
370 1999 576 2051 designet,
609 2011 730 2051 quem
760 1997 910 2037 Graeci
934 1990 1120 2048 χρηστόν.-
1151 1996 1203 2036 de
1229 2010 1340 2036 mare
1363 1998 1470 2036 enim
1497 1999 1667 2049 cogitari

178 2085 243 2110 res
284 2072 374 2124 ipsa
413 2070 546 2110 docet.
606 2070 782 2110 Comicis
812 2069 1094 2121 frequentatur
1129 2069 1251 2107 etiam
1282 2069 1516 2108 offendendi
1554 2084 1664 2118 usus,

178 2143 248 2195 qui
275 2142 342 2181 hic
373 2148 435 2182 est
464 2147 505 2181 et
532 2142 574 2181 in
603 2145 789 2180 Ssxmsssx
825 2139 875 2178 fr.
905 2145 941 2187 2,
982 2143 1027 2177 ιιι
1056 2139 1107 2178 ab
1134 2140 1380 2178 inveniendo
1410 2155 1491 2179 non
1521 2141 1665 2180 distet:

178 2214 232 2254 ef.
261 2213 419 2253 Nonius
448 2227 489 2265 p.
519 2219 608 2260 359,
640 2220 673 2253 1.
733 2212 800 2250 De
822 2223 992 2262 pecore,
1022 2210 1130 2262 quod
1155 2212 1196 2249 in
1223 2211 1453 2264 exemplum
1483 2218 1665 2260 vocatur,

179 2285 316 2338 Apulo
351 2283 692 2323 reminiscendum
727 2287 791 2321 est
822 2281 1044 2319 Varronem
1078 2282 1210 2333 ipsum
1237 2282 1279 2321 in
1308 2282 1462 2335 Apulia
1491 2283 1666 2322 oviarias

177 2355 431 2408 possedisse:
460 2353 512 2392 de
542 2366 587 2392 re
614 2353 766 2392 rustica
794 2351 839 2390 II
869 2357 911 2399 1,
944 2356 989 2392 16
1018 2352 1072 2391 al.

291 2436 482 2488 Denique
513 2448 617 2474 unus
652 2448 704 2474 ex
741 2433 991 2474 auditoribus
1028 2435 1159 2487 ipsum
1197 2440 1402 2474 cantorem
1433 2435 1572 2486 iurgiis
1607 2435 1666 2474 la-

179 2520 339 2547 cessere
368 2505 513 2546 audet:
1189 2494 1193 2499 ’

291 2608 356 2646 IX
378 2606 435 2659 (6)
497 2607 664 2657 Iuryare
690 2610 814 2656 coepit
844 2609 974 2646 dicens

898 2689 996 2727 quae
1024 2679 1129 2727 facis
1157 2683 1272 2726 aeque

487 2748 537 2786 In
564 2750 716 2797 vulyum
746 2751 879 2798 vulqus
908 2754 1105 2797 artemque
1133 2751 1333 2798 expromis
1362 2752 1533 2788 inertem.

179 2848 337 2901 Quibus
365 2854 555 2888 accurate
583 2848 833 2902 respondent
863 2850 989 2899 haee,
1019 2863 1123 2902 quae
1154 2851 1221 2888 isti
1248 2850 1444 2889 musicum
1474 2851 1665 2890 reiecisse

178 2919 380 2970 suspicor:
