1898 3236
245 232 297 271 74
820 237 1159 268 common-mm.

242 348 587 397 supervacaneam
626 355 683 380 me
716 342 901 381 voculam
927 343 1098 391 eiicere,
1138 356 1259 396 quam
1290 343 1526 381 deminutivi
1557 343 1726 381 formam

244 415 420 455 demere.
488 414 545 452 At
586 427 663 451 nec
702 412 815 451 illam
851 414 1013 452 missam
1048 413 1155 452 facio
1202 411 1339 464 (quam
1375 426 1481 451 nunc
1517 427 1597 452 non
1622 413 1729 452 -licet

243 486 377 525 Plauti
408 484 647 523 Mercatoris
673 498 794 523 versu
818 485 839 522 I
870 489 904 531 2,
933 490 987 531 19,
1019 498 1058 522 v.
1085 489 1153 525 128
1182 475 1396 522 Ritschelii
1420 483 1618 535 firmare),
1653 497 1729 522 nec

241 559 535 605 epiqrammatia
564 560 687 593 muto.
747 555 853 594 Nam
893 568 944 593 ne
983 553 1250 593 Ritschelium
1295 552 1457 604 quidem
1492 559 1588 605 puto
1624 567 1728 592 nunc

242 628 330 679 pari
371 626 591 665 acrimonia
629 639 718 665 eam
753 639 911 664 omnem
946 625 1160 676 neglectae
1191 623 1402 675 positionis
1434 637 1552 675 quam
1582 629 1731 662 vocant

244 697 450 736 licentiam
493 698 723 748 exagitare,
768 711 847 750 qua
885 697 925 734 in
965 695 1261 748 prolegomenis
1291 708 1329 746 p.
1365 705 1499 733 oxvm
1530 708 1620 747 sqq.
1651 695 1730 733 hoc

244 781 392 818 genus,
431 768 587 819 inquo
625 768 896 819 indulgenti-or
939 768 1072 806 fuerat
1113 765 1345 813 Bentleius,
1384 768 1620 817 persecutus
1653 768 1727 801 est.

246 839 384 890 Atque
414 844 457 875 ut
487 838 780 877 Fleckeisenus
809 838 1003 877 Terentio
1030 837 1254 876 vindicavit
1277 823 1400 874 haec:
1433 836 1484 871 Et
1507 836 1547 872 id
1563 833 1728 882 qra'tum.

185 955 188 957 Α
243 912 368 948 studet
383 909 463 958 pa'r
490 910 654 958 referre.
682 908 974 955 mutuabitur,
1006 907 1100 955 alia,
1132 909 1189 946 ita
1217 905 1389 946 Varroni
1420 911 1461 944 et
1480 903 1581 943 illud
1605 903 1724 942 relin-

246 995 345 1034 quo:
389 983 476 1019 libet
506 993 562 1018 me
592 980 906 1030 e'piqrammdtia,
945 961 985 1017 et
1015 977 1121 1030 quod
1150 992 1190 1030 p.
1221 983 1264 1019 37
1292 977 1428 1016 attuli:
1460 982 1495 1015 et
1521 978 1561 1014 id
1585 976 1728 1013 dicunt.

246 1046 403 1103 Quibus
445 1050 540 1090 addi
578 1051 753 1090 fortasse
788 1050 949 1089 tertium
983 1054 1118 1101 potest
1153 1049 1204 1087 de
1241 1053 1414 1085 Annonun
1449 1053 1576 1084 {umcuo
1608 1047 1656 1084 fr.
1688 1051 1726 1084 l:

245 1122 354 1175 quod
383 1122 593 1161 metricum
622 1135 713 1160 esse
742 1121 809 1160 vel
839 1120 942 1158 haec
973 1122 1138 1169 cli9itulis
1159 1121 1396 1167 primoribus
1423 1117 1639 1156 indicant:-

453 1214 499 1251 Ut
526 1215 566 1249 in
596 1211 706 1250 litore
735 1213 871 1255 centeri
898 1210 1064 1260 diyitulis
1088 1211 1322 1258 primoribus

449 1285 572 1321 Stare.

244 1375 335 1413 Nisi
363 1379 545 1426 praestat
574 1387 634 1419 ca,
667 1386 786 1425 quam
816 1371 1109 1411 Fleckeisenus
1132 1370 1227 1409 mihi
1252 1360 1508 1422 significavit,
1540 1380 1728 1407 mensura

246 1445 472 1484 trochaica:
1453 1442 1456 1445 ’

1192 1517 1233 1550 ut
1262 1515 1301 1550 in
1331 1511 1441 1549 litore

451 1585 592 1624 Cancri
620 1585 790 1635 diyitulis
816 1586 1051 1634 primoribus
1077 1590 1182 1622 stare
1213 1611 1388 1620 .....

183 1707 189 1710 ,
246 1668 423 1715 Diqitulis
451 1665 664 1704 verissima
696 1671 757 1703 cst
787 1663 954 1703 Oehleri
984 1662 1233 1709 emendatio,
1265 1663 1442 1711 (liquibus
1470 1660 1583 1699 libri:
1621 1658 1728 1698 unde

247 1720 341 1774 olim
367 1738 491 1784 diqitis
515 1734 739 1785 legebatur.
800 1726 1065 1773 Locu-tionem
1098 1735 1264 1783 (liyitutis
1290 1734 1526 1781 primoribus
1554 1730 1731 1768 illustrat

246 1806 316 1845 ille
356 1806 492 1845 Plauti
530 1804 702 1844 Poenuli
742 1804 808 1842 III
848 1811 888 1853 1,
927 1810 992 1846 63:
1040 1803 1145 1842 addo
1192 1803 1373 1842 eiusdem
1405 1800 1655 1841 Bacchidum
1686 1814 1725 1838 v.

246 1882 313 1918 675
347 1876 424 1928 (IV
451 1881 493 1924 4,
524 1874 586 1926 24)
627 1880 667 1913 ct
705 1873 879 1926 Turpilii
909 1889 948 1913 v.
977 1881 1020 1916 31
1048 1873 1171 1912 Ribb.
1233 1874 1298 1912 De
1329 1872 1512 1911 similiter
1540 1870 1730 1922 neglecta

246 1948 286 1985 vi
320 1946 531 1999 positionis
562 1945 759 1985 inmedio
791 1946 940 1984 cretico
974 1944 1107 1984 dicam
1138 1945 1257 1982 infra.

359 2016 571 2066 Defungar
600 2016 754 2055 duobus
785 2023 999 2067 praeterea
1019 2016 1302 2068 Roeperianae
1324 2014 1488 2052 criticae
1510 2011 1728 2062 exemplis:

247 2087 329 2127 alia
365 2086 461 2125 data
497 2087 796 2138 opportunitate
825 2088 1032 2137 attingam.
1093 2092 1381 2132 memssumnum
1412 2085 1461 2122 fr.
1492 2091 1513 2124 5
1543 2083 1600 2120 ita
1631 2080 1727 2120 seri-

246 2144 353 2197 bitur
382 2158 424 2195 in
452 2156 565 2196 libris
600 2157 723 2208 (Non.
746 2171 784 2209 p.
814 2163 872 2205 82,
908 2156 986 2207 13):
1018 2168 1086 2194 uec
1116 2159 1243 2194 dolore
1271 2156 1480 2204 adiafuron
1506 2164 1598 2198 esse,
1630 2153 1734 2201 quod

241 2231 486 2279 philosophia
509 2230 825 2266 coumalaoearem
852 2240 898 2266 ea
924 2234 1076 2276 patrem
1107 2238 1227 2275 neque
1248 2229 1347 2264 irato
1369 2211 1461 2263 mihi
1481 2235 1622 2262 avenas
1643 2224 1732 2260 dedi

229 2313 447 2349 mmquam,
489 2310 610 2347 neque
648 2301 840 2347 cupiditas
877 2311 952 2337 non
987 2299 1154 2346 inposuit
1178 2298 1326 2345 frenos.
1385 2296 1434 2334 In
1464 2293 1608 2347 quibus
1639 2306 1728 2330 cum

247 2371 343 2409 olim
372 2370 441 2408 alii
472 2369 552 2407 alia
578 2369 870 2416 correxissent,
911 2369 1123 2420 Roeperus
1155 2380 1203 2405 ea
1238 2372 1278 2405 et
1311 2379 1453 2405 versus
1484 2377 1574 2419 esse
1605 2369 1645 2402 et
1672 2364 1729 2401 ita

248 2440 502 2480 emendanda
531 2439 709 2490 putavit:

449 2518 528 2556 Ne'c
562 2516 723 2567 [dubito]
756 2519 884 2555 dole're
912 2519 1150 2566 adiaphorou
1180 2517 1284 2554 e'sse:
1314 2518 1414 2564 quod
1426 2517 1674 2564 philosophia

451 2590 727 2627 Cdnmalaxari
755 2587 922 2625 a'm'mum
951 2593 988 2624 et
1017 2592 1100 2624 arte
1131 2586 1252 2635 ne'que
1281 2589 1369 2624 dedi
1395 2587 1492 2623 irato
1520 2588 1612 2623 mihi

448 2654 638 2719 'Unquaru
668 2659 837 2695 habenas
867 2658 937 2696 ne'c
968 2661 1018 2695 mi
1043 2658 1179 2706 frenos
1207 2658 1394 2705 imposivit
1421 2659 1623 2706 cupiditas.

247 2741 335 2780 vel:
402 2742 441 2778 U..
474 2741 509 2776 h.
541 2738 662 2786 ne'que
692 2739 882 2785 cupiditas
908 2737 1087 2785 imposuit
1112 2738 1250 2786 frenos
1281 2737 1381 2773 mihi.

248 2820 361 2858 Nihil
393 2819 524 2857 dicam
553 2816 603 2854 de
629 2814 809 2854 mutandi
839 2815 1126 2864 moliminibus,
1160 2829 1326 2867 quorum
1357 2813 1533 2852 insolens
1562 2812 1729 2850 licentia

248 2891 449 2929 neminem
479 2887 603 2939 fugit:
643 2900 720 2926 nec
755 2886 954 2925 excutiam
983 2899 1146 2934 versus,
1185 2886 1226 2923 in
1257 2883 1399 2938 quibus
1430 2888 1491 2921 est
1529 2881 1637 2936 quod
1666 2895 1728 2921 re·
