1898 3236
742 260 1092 294 GOMECTANEA..
1604 254 1657 295 37

169 371 270 408 alias
296 371 423 419 aliquis
441 371 555 418 pelli,
585 371 683 407 alias
706 379 859 408 sonare.
908 366 1048 420 Quare
1077 367 1214 408 malim
1240 368 1282 407 in
1312 368 1448 421 priore
1470 370 1657 422 exemplo

169 426 379 479 Varronis*
409 434 543 478 nei-via
587 438 730 487 scribi,
782 439 900 478 alteri
937 444 1072 483 autem
1130 444 1296 479 servata
1338 443 1493 489 nervias
1529 440 1658 480 forma

168 511 372 563 praemitti
409 512 599 549 Feminim‘
632 512 777 561 Varro,
815 510 893 549 hoc
910 510 1063 550 modo:
1106 511 1273 550 ‘nervia’
1299 511 1480 560 feminini
1505 533 1562 539 —-
1587 533 1655 549 ——.

179 582 318 621 Veru'm
349 583 473 621 Varro
500 582 527 618 ‘.
554 611 562 619 .
592 583 847 620 extendamus
873 583 1038 621 nervia?
1067 585 1206 634 neutri.
1250 579 1443 635 Feminini
1470 583 1595 621 Varro
1617 612 1624 620 .
1648 612 1656 619 .

169 652 222 689 ‘et
250 653 290 689 id
316 653 448 689 dicunt
477 681 485 689 .
510 681 518 689 .
547 652 719 690 nervias’
751 666 786 692 e.
809 667 850 706 q.
871 667 903 692 s.
961 654 1185 693 Praeterea
1213 654 1255 692 in
1283 653 1364 692 illis
1390 653 1528 694 verbis
1556 667 1655 693 non—

167 720 268 759 nihil
297 721 530 761 offensionis
560 722 685 761 habet
712 725 858 777 solebat
884 724 1190 776 imperfectum,
1220 739 1293 778 pro
1320 738 1399 778 quo
1420 737 1496 776 ego
1518 724 1657 764 malim

169 793 475 831 convenientius
503 799 731 833 structurae
758 796 878 832 soleat
902 793 999 846 legi.
1044 794 1205 847 Quodsi
1234 797 1293 836 ita
1321 794 1530 843 scribitur,
1560 794 1655 834 ilico

165 864 283 903 metri
311 864 472 917 species
498 864 653 917 prodit,
684 878 805 918 quam
831 866 892 905 sic
919 878 1139 919 recupero:

932 973 970 1006 et
988 958 1043 1007 ‘id'
1059 970 1193 1008 dicant
1216 982 1327 1009 suam
1356 987 1360 991 ·

366 1032 583 1076 Brisdffler‘n
606 1029 847 1087 praelucere,
878 1043 961 1079 eius
988 1053 1088 1090 quae
1115 1041 1271 1080 ne'rvias

370 1109 558 1148 Tracta're
581 1112 718 1149 soleat.

161 1211 229 1251 vel
257 1211 393 1264 potius
422 1223 614 1253 mensura
642 1213 870 1262 octonaria:

247 1316 300 1352 Et
327 1316 369 1352 id
394 1313 529 1353 dicunt
554 1325 664 1353 suam
694 1304 910 1354 Briseidem
935 1317 1177 1363 producere,
1209 1327 1309 1365 quae
1334 1318 1417 1354 eius
1442 1315 1598 1354 ne'rvias

252 1384 440 1423 Tracta're
467 1387 598 1423 soleat.

161 1456 227 1515 De
257 1475 455 1526 neglecta·
474 1475 516 1514 vi
543 1477 767 1528 positionis
786 1478 828 1516 in
856 1477 920 1516 his
949 1483 986 1516 et
1013 1479 1055 1515 id
1079 1480 1210 1515 dicunt
1241 1476 1372 1516 dicam
1403 1475 1513 1516 alibi.

275 1558 491 1611 Reliquum
518 1563 580 1597 est
609 1559 771 1597 unicum
801 1558 852 1597 de
877 1559 955 1598 hac
985 1565 1124 1598 satura
1143 1559 1427 1610 fragmentum,
1459 1559 1511 1598 de
1537 1560 1651 1598 cuius

164 1629 263 1669 sede
290 1642 339 1668 ac
364 1629 567 1668 sententia
595 1629 695 1667 nihil
726 1626 874 1669 certius
901 1629 1073 1669 definio:

274 1719 406 1765 XXII
429 1717 513 1770 (20)
552 1721 597 1758 Ut
626 1721 777 1767 comici,
808 1721 1024 1798 cinae'dici3
1045 1721 1266 1777 scaemr'tict'.
1322 1728 1328 1734 ·

162 1821 287 1861 Cuius
315 1833 367 1859 ne
396 1821 597 1873 scriptura
621 1821 785 1875 quidem
809 1812 906 1861 mihi
935 1824 1043 1862 omni
1069 1836 1120 1862 ex
1141 1828 1260 1875 parte
1279 1822 1487 1875 probatur.
1526 1824 1651 1863 Nonii

162 1893 268 1932 enim
299 1891 392 1930 libri
421 1906 460 1945 p.
485 1899 573 1941 176,
608 1899 671 1935 19:
699 1900 752 1931 'ul
776 1896 911 1932 comici
937 1895 1086 1932 nothidi
1103 1906 1178 1933 sa.-
1207 1893 1317 1934 unde
1336 1894 1524 1946 Scaliger
1543 1896 1651 1943 loeo,

160 1977 281 2018 quem
308 1978 349 2016 p.
379 1971 424 2004 10
451 1976 513 2016 sq.
542 1964 679 2012 citavi,
705 1964 876 2015 pulchre
906 1968 1095 2004 cinaedici
1122 1966 1318 2005 restituit:
1349 1966 1424 2006 sed
1453 1980 1650 2020 quosnam

161 2037 335 2076 comicos
353 2036 521 2087 dicam,
559 2035 628 2087 qui
662 2049 744 2074 non
773 2035 854 2074 sint
882 2036 1088 2085 scaenici,
1119 2036 1187 2076 vel
1216 2042 1262 2076 ut
1288 2037 1420 2076 Varro
1456 2038 1648 2091 loquitur,

160 2108 394 2156 scaenatici,
424 2113 468 2146 ut
487 2106 529 2145 hi
554 2107 712 2158 possint
729 2106 1038 2147 illis'commode
1061 2113 1268 2160 tamquam
1292 2121 1421 2160 genus
1444 2108 1649 2148 diversum

157 2180 271 2219 iuxta
297 2179 430 2233 poni?
461 2177 571 2230 Quid
601 2179 636 2216 si
665 2178 812 2217 iniuria
839 2176 947 2215 hunc
973 2177 1110 2218 locum
1142 2181 1286 2220 comici
1317 2179 1545 2227 obtineant,
1577 2181 1648 2232 qui

160 2251 358 2291 debeatur
382 2247 582 2289 mimicis?
620 2248 690 2287 Sic
716 2249 822 2287 enim
851 2249 886 2286 si
911 2248 1042 2286 Varro
1072 2249 1252 2300 scripsit:

542 2344 584 2377 ut
612 2338 771 2384 mimici,
803 2338 1010 2384 cinae'dici,
1043 2338 1256 2378 scaendtici

159 2432 368 2484 aptissime
406 2429 536 2468 mimis
575 2442 623 2468 ac
659 2428 920 2468 saltatoribus
957 2428 1162 2468 adduntur
1196 2430 1258 2478 hi,
1298 2431 1367 2484 qui
1402 2433 1565 2485 proprie
1595 2432 1646 2472 de

160 2516 310 2541 scaena
325 2514 471 2540 nomen
492 2506 715 2549 traxerunt,
737 2500 970 2539 histriones.
1008 2500 1092 2540 Sed
1114 2500 1265 2540 haereo
1282 2499 1334 2540 de
1350 2515 1426 2540 usu
1446 2503 1532 2542 eius
1553 2517 1643 2543 ver-

160 2573 295 2616 siculi:
326 2573 384 2611 ita
413 2573 544 2624 potuit
563 2573 695 2612 Varro
717 2570 786 2620 ibi,
817 2571 887 2610 ubi
908 2571 1117 2611 modorum
1137 2574 1378 2612 varietatem
1401 2574 1644 2626 exponebat,

159 2644 280 2682 etiam
295 2643 493 2691 mimicae,
513 2642 761 2692 cinaedicae,
779 2643 992 2683 scaenicae
1011 2645 1156 2692 artium
1176 2644 1359 2684 diversas
1382 2645 1644 2686 condiciones

159 2719 200 2754 et
237 2713 373 2752 officia
412 2715 706 2766 perstringere:
753 2714 821 2753 vel
859 2728 1115 2754 numerorum
1152 2728 1201 2754 ac
1237 2722 1378 2754 cantus
1418 2716 1645 2757 diversitati

156 2785 293 2824 varios
327 2790 441 2823 actus
472 2798 607 2824 eorum
641 2785 839 2826 artificum
873 2799 923 2825 ac
957 2792 1088 2826 motus
1123 2786 1360 2838 adiungere.
1421 2787 1573 2826 Verum
1600 2793 1645 2827 ut

156 2856 234 2894 hoc
263 2857 305 2895 in
334 2852 488 2895 inc‘erto
520 2856 725 2909 relinquO,
757 2857 923 2895 itavnon
948 2871 1114 2907 vereor,
1144 2871 1197 2898 ne
1221 2858 1291 2898 illo
1319 2858 1546 2910 fragmento
1579 2872 1641 2898 sa·
1674 2856 1682 2862 ’

156 2931 272 2966 turae
312 2940 380 2975 ea,
420 2941 541 2981 quam
575 2927 708 2966 animo
747 2928 936 2980 concepi,
970 2928 1103 2981 imago
1127 2929 1196 2968 vel
1223 2929 1400 2969 diluatur
1433 2929 1501 2969 vel
1522 2930 1640 2969 mira-
1667 2982 1677 2989 Ι
