1898 3236
257 260 311 302 38
500 244 503 245 ⁷
826 265 1164 298 CONIEGTANEA.

256 372 392 414 biliter
422 373 636 412 adiuvetur
658 377 698 410 et
724 371 986 423 compleatur.
1039 372 1146 411 Nam
1170 371 1268 411 licet
1288 371 1489 424 quaedam
1513 372 1732 425 aliquando

247 444 377 484 'aliter
405 455 452 483 ac
482 443 632 492 rectius
662 442 940 491 instituantur,
971 443 1013 482 in
1037 443 1268 482 universum
1297 443 1393 482 mihi
1422 455 1491 490 ea,
1524 454 1643 494 quam
1673 448 1731 481 te·

255 514 401 555 nuibus
430 514 549 552 lineis
579 512 836 560 adumbravi,
876 513 1034 565 species
1070 512 1231 552 videtur
1257 526 1338 551 non
1365 511 1487 551 valde
1516 526 1541 551 a
1568 525 1667 551 vera
1695 518 1735 551 et
1796 556 1797 560 Ἰ

256 583 460 636 primitiva
495 584 625 622 forma
661 583 886 623 discedere.
938 584 1063 623 Velut
1088 582 1197 637 quod
1220 596 1294 635 per
1323 582 1422 622 duas
1452 589 1589 635 partes
1617 596 1732 638 argu7

255 659 434 694 mentum
458 649 661 701 distribui,
707 650 891 702 ἐπίδειξιν
926 654 1016 694 dico
1043 655 1185 694 musici
1215 659 1256 693 et
1282 667 1386 707 quae
1414 641 1510 693 inde
1537 653 1660 692 fluxit·
1682 652 1733 692 de

256 726 411 764 musica
454 724 785 778 disputationem,
830 724 873 764 id
916 730 960 763 ut
1002 725 1102 778 ipsis
1145 725 1328 778 reliquiis
1366 723 1731 774 commendabatur,

254 796 313 835 ita
340 795 436 835 inde
465 784 647 835 nonnihil
675 788 875 849 praesidii
897 797 1163 845 nanciscitur,
1197 795 1307 848 quod
1331 795 1440 835 idem
1467 793 1734 847 componendi

255 865 465 904 artificium
496 865 664 905 duarum
692 872 907 918 praeterea
927 873 1153 908 saturarum
1171 866 1369 918 reliquiae
1392 866 1546 906 referre
1565 865 1732 905 videan-

255 942 330 975 tur.
378 936 445 976 Ad
476 950 576 989 quas
601 943 818 992 antequam
843 951 982 990 pergo,
1015 930 1078 978 est
1099 938 1208 991 quod
1227 938 1320 976 huic
1340 943 1543 989 tamquam
1563 936 1730 975 corolla-

254 1009 356 1047 rium
387 1007 592 1047 adiiciam:
630 1021 737 1047 nunc
769 1008 928 1048 demum
956 1009 1061 1047 enim
1092 1022 1181 1048 cum
1208 1009 1282 1047 has
1311 1007 1514 1047 chartulas
1543 1007 1747 1060 typotheffi

254 1085 386 1120 tarum
423 1078 623 1118 erroribus
668 1092 868 1132 expurgo,
920 1079 1107 1130 contigit,
1150 1085 1195 1118 ut
1223 1078 1405 1132 perbona
1436 1079 1491 1117 L.
1528 1077 1731 1117 Krahneri

255 1150 536 1189 commentatio
568 1148 618 1188 dc
638 1149 831 1188 Varronis
860 1149 1117 1203 philosophia
1142 1149 1266 1202 (Novi
1288 1148 1596 1200 Brandenburgi
1623 1147 1729 1200 1846)

254 1234 366 1260 meas
386 1221 429 1259 in
453 1233 594 1259 manus
623 1220 798 1259 veniret:
833 1220 873 1259 in
905 1234 986 1273 qua
1008 1220 1098 1260 c'um
1119 1222 1200 1261 alia
1219 1222 1433 1275 praeclara
1455 1222 1576 1260 etiam
1597 1221 1646 1261 de
1667 1217 1729 1260 sa-

254 1291 353 1330 turis
383 1290 669 1344 disputaverit,
706 1297 788 1330 tum
816 1304 856 1343 p.
888 1278 934 1334 23
962 1291 1178 1344 fragmenti
1206 1293 1324 1333 huius
1352 1299 1514 1332 saturae
1541 1293 1606 1332 XI
1637 1306 1730 1332 ean-

254 1361 347 1402 dem
384 1360 503 1415 quam
539 1377 614 1415 ego
647 1377 768 1416 supra
797 1378 836 1416 p.
869 1370 911 1404 15
941 1362 1252 1416 explicationem
1281 1368 1442 1403 secutus
1470 1367 1552 1411 est,
1583 1362 1730 1403 additis

254 1433 343 1472 aliis
374 1432 453 1472 huc
482 1426 796 1487 pertinentibus,
829 1446 934 1486 quae
963 1446 1069 1472 nunc
1097 1446 1180 1472 non*
1206 1445 1440 1486 persequar.
1469 1483 1472 1487 ⁴

1884 2869 1898 3236 mmm-*1⁸*m
1884 2551 1898 2861 —ffldffl———n———a
1895 2537 1898 2543 Α
1896 2492 1898 2494 ,
1896 2419 1898 2422 .
1896 2404 1898 2409 Δ
