1898 3236
722 302 1064 337 commortuum.
1115 343 1117 345 ¹
1582 290 1635 332 35

153 415 411 455 condiciones
454 418 494 452 et
534 411 651 451 usum
686 411 962 468 multiplicem.
1023 409 1221 448 Diversus
1259 419 1351 446 esse
1385 405 1548 456 modos,
1593 411 1639 448 ut

154 499 361 538 equorum.
378 484 534 523 colores
545 499 554 523 ε
1395 475 1400 479 ’

266 587 376 626 XIX
398 586 482 639 (13)
514 586 621 635 Equi
646 576 773 623 colore
794 568 981 632 'dispares
1007 582 1097 620 item
1127 581 1214 620 ndu·
1226 583 1254 619 :'

513 658 590 695 Hic
616 655 769 702 Maius,
796 658 867 693 iste
894 654 1033 704 qizvus,
1059 643 1123 692 ειιιὲ
1145 653 1335 692 marmus.

155 762 220 800 De
258 772 451 812 equorum
488 757 689 797 coloribus
726 757 823 797 vide
850 756 1081 796 Palladium
1113 756 1176 796 IV
1206 762 1261 804 13,
1290 761 1314 796 4
1343 768 1382 807 p.
1411 759 1481 796 948
1513 753 1637 794 Gesn.

153 831 248 869 Item
283 830 451 886 vocula,
499 843 622 882 quam
657 842 872 881 perperam
902 829 1044 874 Iunius
1082 828 1253 867 mutavit
1291 839 1381 866 cum
1417 827 1490 883 ita!
1515 823 1637 876 (Non.

154 915 194 955 p.
217 908 283 951 80,
315 894 378 953 1),
409 899 545 954 prodit
575 913 664 939 eam
694 899 1002 952 disparilitatem
1030 899 1209 939 colorum
1238 911 1329 938 esse
1357 898 1399 936 in
1431 909 1639 948 compara-

153 977 304 1014 tionem
336 973 513 1026 aliquam
546 971 783 1013 adhibitam,
843 970 982 1024 Quare
1013 984 1105 1010 cum
1132 971 1342 1010 modorum
1373 982 1422 1008 ac
1450 981 1636 1007 numero-

154 1059 243 1084 rum
267 1045 456 1085 «varietas
494 1043 615 1083 etiam
653 1039 780 1081 a’ltero
795 1072 805 1091 ,
853 1041 963 1095 quod
1003 1043 1139 1082 statim
1178 1043 1341 1082 afferam
1356 1072 1366 1090 ‚
1414 1041 1641 1092 fragmento

156 1115 454 1164 subindicetur‚
493 1114 600 1154 hanc
637 1115 878 1153 varietatem
916 1114 1058 1166 opinor
1088 1114 1328 1153 Varronem
1347 1114 1572 1166 conspicua
1602 1112 1645 1150 in

157 1188 272 1241 equis
303 1187 481 1227 colorum
510 1185 748 1228 diversitate
776 1185 1016 1226 illustrasse.

270 1273 360 1312 Nec
389 1278 526 1312 tamen
552 1273 650 1312 satis
682 1278 766 1321 est,
805 1273 986 1323 cognitos
1012 1269 1206 1310 habuisse
1234 1270 1369 1309 varios
1388 1262 1541 1307 ‘modos
1571 1281 1644 1306 nu·

157 1356 391 1396 merosque‚
421 1345 499 1383 nisi
530 1345 651 1384 etiam
680 1357 797 1383 usum
825 1357 963 1382 eorum
991 1341 1222 1382 edidiceris.

269 1447 356 1486 XX
378 1445 438 1498 (3)
498 1447 712 1485 Maere'ntis
735 1453 779 1484 ut
806 1420 958 1495 quietus
989 1457 1036 1482 ac
1064 1444 1267 1484 demissior
1289 1428 1531 1492 probdndus',

495 1509 716 1567 Ἀχιλλέως·
730 1509 904 1568 ἧρωϊκός
915 1542 926 1564 ,
949 1507 1127 1573 Ἰῳνικὸς
1155 1503 1350 1552 κιιὲαίδου.

161 1617 230 1657 Sic
258 1618 429 1666 totidem
459 1618 606 1658 litteris
634 1618 709 1657 hos
739 1618 1064 1674 elegantissimos
1096 1629 1241 1657 versus
1274 1616 1433 1654 Nonius
1468 1613 1650 1653 servavit

159 1703 200 1741 p.
225 1696 269 1738 5,
298 1695 366 1731 32:
397 1689 542 1743 quibus
570 1702 661 1728 cum
689 1689 758 1728 alii
785 1689 879 1728 olim
907 1690 1157 1741 importunas
1185 1701 1327 1729 manus
1357 1684 1648 1732 admovissent,

159 1767 244 1799 tum
278 1761 500 1803 novissime
535 1760 738 1813 Oehlerus
775 1760 854 1799 hac
899 1762 1046 1814 ‘quam
1075 1759 1194 1798 unice
1223 1754 1364 1798 vera’m
1394 1762 1511 1811 putat
1540 1758 1647 1796 esse'

160 1832 394 1870 coniectura
434 1823 637 1882 Ἀχιλλέως
671 1824 848 1884 ἡρωϊκοῦ
871 1823 1045 1878 Ἰωνικὸς
1079 1833 1282 1877 cinaedus,
1335 1843 1441 1883 quae
1477 1842 1578 1868 sana
1612 1832 1659 1870 et,

158 1903 318 1954 integra
353 1908 466 1953 sunt,
510 1909 665 1943 temere
699 1904 889 1957 corrupit.
949 1903 1032 1956 Qui
1069 1902 1233 1956 quidem
1263 1899 1565 1951 intellegendo,
1607 1903 1654 1936 ut

160 1975 217 2013 ait
254 1973 346 2022 ille,
399 1974 499 2013 fecit
550 1973 651 2013 nihil
687 1979 749 2013 ut·
778 1975 1064 2027 intellegeret:
1110 1989 1205 2015 nam
1249 1973 1476 2028 ‘loquitur'
1522 1971 1654 2024 inquit

160 2047 359 2099 ‘scriptor
379 2045 432 2085 de
459 2040 706 2098 pantomimo
739 2046 836 2086 inde
866 2046 1029 2100 quidem
1064 2045 1294 2094 laudando,
1335 2043 1445 2098 quod
1475 2041 1651 2082 Achillis

160 2116 392 2156 Briseidem
428 2116 505 2156 sibi
541 2123 722 2170 ereptam
754 2117 832 2181 Yssl'
858 2118 1040 2157 Patrocli
1075 2123 1246 2157 mortem
1282 2115 1501 2155 maerentis
1541 2113 1653 2151 dolo-

161 2202 246 2228 rem
277 2189 452 2241 quietius
484 2202 533 2227 ac
565 2187 800 2237 demissius,
841 2203 962 2242 quam
992 2190 1117 2241 vulgo
1149 2189 1275 2237 solet,
1315 2190 1653 2240 repraesentave-

160 2261 253 2300 rat?
306 2259 427 2300 Unde
451 2261 556 2300 haec
582 2266 766 2299 contorta
790 2264 993 2298 structura
1019 2259 1221 2312 prodiret,
1251 2264 1294 2297 ut
1321 2260 1503 2296 merentis·
1530 2248 1655 2306 Ἀχιλ-

162 2330 255 2379 λέως
291 2325 470 2382 ἡρωϊκοῦ
499 2334 650 2380 quietus
686 2344 733 2369 ac
763 2333 964 2369 demissior
994 2322 1170 2376 Ἰωνικὸς
1201 2332 1386 2368 cinaedus
1412 2330 1652 2378 probandus.

164 2404 363 2443 Placeant
383 2403 486 2441 haec
509 2401 592 2440 illi:
623 2415 697 2440 nos
727 2402 770 2440 in
790 2403 984 2441 memoria
1011 2401 1205 2441 librorum
1229 2400 1495 2440 subsistemus
1510 2430 1519 2448 ,
1547 2411 1654 2452 quae

165 2473 417 2514 commodam
445 2474 688 2511 sententiam
711 2485 760 2511 ac
788 2486 938 2513 nexum
966 2472 1164 2527 praebeat
1187 2468 1265 2512 hoc
1286 2472 1374 2512 fere
1398 2471 1541 2511 modo:
1573 2484 1655 2509 non

167 2545 307 2598 quivis
334 2543 477 2582 modus
507 2543 575 2583 vel
611 2557 801 2584 numerus
833 2547 961 2587 cuivis
997 2545 1151 2584 homini
1181 2558 1230 2584 ac
1265 2539 1507 2583 condicioni
1525 2543 1654 2581 cuivis

166 2614 519 2654 accommodatus:
566 2616 678 2655 velut
714 2616 934 2657 maerentis
972 2615 1133 2668 quietus
1175 2629 1223 2655 ac
1260 2615 1475 2654 demissior
1512 2612 1656 2652 modus

164 2687 417 2740 probanduS,
443 2686 620 2726 Achillis
654 2686 841 2727 heroicus
870 2699 1083 2735 numerus,
1108 2685 1270 2726 cinaedi
1291 2686 1466 2724 ronicus.
1515 2682 1656 2722 Achil-

165 2759 266 2806 lem,
296 2757 405 2811 quod
426 2770 550 2809 supra
567 2758 703 2808 tetigi,
731 2763 937 2811 tamquam
955 2753 1219 2810 praecipuam
1245 2756 1440 2810 principis
1466 2754 1656 2795 carminis

165 2842 380 2881 personam
409 2842 483 2881 pro
518 2829 664 2881 quovis
693 2822 819 2868 heroe
855 2828 925 2867 vel
961 2829 1151 2869 universo
1182 2828 1288 2881 epici
1320 2826 1507 2866 carminis
1539 2837 1655 2875 argu-

166 2906 300 2951 mento
330 2898 536 2939 adhibuit·
586 2899 792 2940 Cinaedus
830 2902 920 2953 quis
958 2883 1032 2950 sit,
1071 2912 1154 2939 non
1186 2905 1254 2950 ‚est
1292 2896 1402 2951 quod
1439 2896 1655 2935 edoceam:

167 2971 338 3011 cinaedo
368 2973 668 3020 autem‚-cuius
697 2983 763 3010 ars
792 2970 843 3010 ab
872 2971 1014 3010 Ioni'ca
1039 2970 1207 3010 mollitie
1233 2982 1381 3007 nomen
1409 2969 1553 3016 traxit,
1585 2980 1656 3020 ap-

1327 3036 1384 3076 3*
