1898 3236
750 258 1094 291 comac'rmm.
1639 251 1665 289 9

406 368 466 408 VI
496 365 575 418 (22)
649 367 778 404 Vale'tc
808 377 940 413 meque
965 365 1150 413 pdlmulis
1175 344 1402 412 producite!

182 450 250 488 Sic
286 449 393 488 enim
430 451 542 486 recte
578 446 763 496 Scaliger
799 444 889 482 loco
919 443 1025 481 infra
1061 442 1223 481 citando
1265 455 1415 492 meque,
1455 457 1544 481 cum
1577 443 1667 482 libri

181 519 302 558 Nonii
342 517 399 571 (p.
428 523 518 564 372,
547 516 610 566 2³»)
649 522 685 553 ee
721 527 777 552 me
820 512 1064 552 exhibeant:
1111 512 1221 565 quod
1250 512 1416 552 Oehleri
1455 513 1506 552 (16
1540 520 1667 553 metro

183 591 377 629 incuriam
407 602 488 627 non
515 585 697 625 offendit.
1243 572 1246 574 v

293 661 468 699 Tant'um
510 663 592 704 est,
632 657 738 709 quod
775 655 826 694 (16
860 656 1015 708 priore,
1061 667 1181 706 quam
1213 655 1463 704 significavi,
1504 662 1665 694 saturae

180 737 295 783 parte
334 743 357 768 6
394 728 576 780 reliquiis
617 728 820 779 expiscari
851 728 993 766 licuit>
1033 726 1145 765 cuius
1177 726 1304 776 partis
1334 724 1513 764 indolem
1547 740 1668 778 quam

180 814 260 840 non
291 799 502 851 agnoverit
532 798 757 846 Oehlerus,
796 798 864 837 vel
894 797 990 836 inde
1021 797 1212 848 apParct,
1252 795 1361 847 quod
1398 796 1522 844 haec,
1562 810 1666 848 quae

180 871 333 909 ineunti
359 875 520 908 saturae
547 868 856 916 vindicavimus,
882 870 1109 919 fragmenta
1135 880 1349 918 perperam
1366 865 1555 907 admixtis
1579 866 1669 904 aliis

180 942 222 980 in
252 942 331 979 tine
360 941 567 993 apposuit:
607 924 853 992 quamquam
882 939 924 976 in
950 952 999 977 ea
1024 951 1068 976 re
1094 936 1277 989 quidem,
1308 938 1348 975 in
1374 937 1543 987 singulis
1573 937 1670 975 licet

181 1012 439 1051 multifariam
455 1010 662 1057 aberrans,
677 1009 882 1048 Ausonius
892 1010 1047 1061 Popma
1057 1021 1198 1046 sanum
1208 1007 1402 1046 iudicium
1410 1008 1668 1060 probaverat.

295 1082 468 1123 cantum
502 1081 646 1120 musici
676 1079 907 1119 auditorum
941 1075 1105 1119 diversa
1135 1079 1387 1119 diversorum
1418 1078 1567 1117 iudicia
1601 1093 1668 1118 ex·

181 1153 347 1205 cipiunt.
405 1153 519 1192 Inter
543 1165 645 1204 quos
673 1156 756 1198 est,
787 1151 856 1203 qui
883 1150 1016 1198 illum,
1048 1150 1158 1203 quod
1187 1163 1268 1188 non
1298 1149 1350 1188 ad
1380 1149 1615 1202 psalterium
1648 1163 1668 1187 c

180 1225 316 1262 iocoso
346 1237 395 1262 ac
427 1223 557 1265 dicaci
586 1235 738 1274 genere
769 1234 930 1259 carmen
959 1220 1184 1271 protulerit,
1215 1222 1258 1260 in
1283 1220 1389 1259 hunc
1420 1219 1581 1258 modum
1610 1234 1669 1258 re-

179 1294 425 1347 prehendat:

323 1374 404 1413 VII
430 1373 510 1426 (19)
577 1376 709 1422 Neque
739 1373 1055 1420 o'rtkopsalticum
1088 1371 1214 1409 ‹itculit
1238 1371 1482 1419 psalterium,

587 1446 731 1491 Quibt'cs
759 1448 898 1481 sonant
924 1445 965 1480 in
991 1442 1156 1480 Grae'cia
1184 1442 1358 1480 dicte'ria.

180 1536 289 1574 Hinc
311 1541 374 1574 est
393 1536 512 1582 enim,
540 1533 648 1587 quod
665 1547 787 1585 supra
805 1533 1034 1584 suspicatus
1054 1532 1142 1579 sim,
1169 1533 1364 1571 musicum
1384 1531 1551 1570 elatiore
1572 1545 1669 1584 quo-

183 1606 275 1645 dam
313 1621 361 1645 ac
398 1605 631 1645 sublimiore
669 1604 846 1643 carmine
886 1602 1124 1659 defunctum
1161 1615 1267 1641 esse.
1326 1602 1512 1641 Dicteria
1550 1602 1670 1647 enim,

180 1677 239 1716 illi
269 1691 375 1730 quae
406 1681 683 1730 opponuntur,
713 1673 912 1727 quidquid
942 1672 994 1712 (16
1025 1673 1179 1723 origine
1209 1673 1323 1711 vocis
1354 1674 1565 1722 statuitur,
1599 1673 1669 1712 du-

180 1747 299 1786 bitari
335 1747 476 1800 nequit
518 1747 617 1800 quin
651 1747 788 1785 iocose
826 1757 874 1783 ac
905 1744 1013 1783 salse
1047 1742 1157 1782 dicta
1187 1744 1417 1794 significent
1453 1759 1524 1793 ea,
1564 1758 1670 1797 quae

183 1817 353 1858 Graecis
381 1813 597 1869 σκώμματα
627 1824 733 1857 sunt.
793 1815 995 1856 Martialis
1025 1815 1085 1854 VI
1113 1820 1178 1862 44,
1209 1822 1233 1856 3

453 1911 632 1948 Omnibus
660 1909 834 1946 arrides.-
866 1909 1028 1945 dicteria
1057 1908 1153 1944 dicis
1179 1908 1217 1943 in
1245 1918 1383 1944 omnes.

182 1999 247 2041 Cf,
278 2000 463 2051 Scaliger
491 2001 534 2039 in
561 1999 772 2039 Manilium
803 1996 887 2049 (ed.
909 1995 1101 2035 Heidelb.
1120 2011 1156 2035 a.
1183 1997 1287 2048 1590)
1316 2011 1356 2049 p.
1378 2002 1443 2038 367
1473 1996 1571 2035 etin
1593 1996 1669 2035 Ca-

181 2070 323 2110 tullum
361 2069 471 2122 (nov.
504 2071 569 2111 ed.
600 2071 802 2122 Antverp.
847 2067 954 2120 1582)
992 2082 1032 2120 p.
1071 2071 1129 2108 17.
1202 2066 1323 2118 Quod
1361 2068 1671 2106 instrumentum

182 2143 357 2182 musicus
392 2143 459 2182 hic
486 2142 763 2183 Varronianus
803 2139 940 2178 cantui
976 2137 1225 2185 adhibuerit,
1272 2138 1472 2188 nescitur:
1520 2135 1670 2188 psalte-

180 2214 302 2262 rium,
335 2227 415 2266 quo
445 2213 627 2252 comitari
654 2224 730 2250 sua
751 2211 902 2251 Graeci
924 2197 1094 2249 dicteria
1120 2209 1299 2256 soleant,
1331 2221 1411 2246 non
1433 2206 1582 2253 fuisse,
1614 2205 1673 2243 illi

181 2297 323 2323 versus
355 2283 507 2322 dicunt.
566 2282 833 2329 Psalterium,
881 2281 932 2320 de
970 2294 1050 2333 quo
1086 2279 1182 2318 vide
1219 2286 1402 2318 veterum
1440 2276 1672 2316 testimonia
1720 2316 1727 2324 ,

182 2354 291 2407 apud
320 2354 369 2392 L.
400 2354 544 2392 Ianum
580 2353 622 2391 in
649 2351 900 2391 Macrobium
936 2351 1019 2390 vol.
1054 2351 1098 2389 II
1127 2365 1167 2404 p.
1199 2357 1286 2398 319,
1326 2363 1416 2388 611111
1446 2349 1576 2387 Varro
1609 2361 1670 2385 or·

181 2425 468 2477 thopsalticum
494 2428 616 2462 vocat
643 2421 736 2474 (nec
759 2422 865 2461 enim
889 2428 986 2474 puto
1014 2421 1124 2460 aliud
1149 2421 1278 2460 latere
1301 2421 1342 2459 in
1371 2434 1418 2459 eo
1444 2418 1553 2471 quod
1579 2417 1671 2456 libri

114 2486 118 2490 ’
182 2496 305 2534 Nonii
330 2509 369 2548 p.
398 2501 479 2542 101,
510 2502 526 2535 l
557 2493 721 2533 tradunt-
746 2495 1112 2542 orthopsalticium),
1143 2506 1223 2531 non
1251 2492 1350 2531 illud
1378 2491 1428 2530 ab
1456 2491 1536 2529 alio
1561 2489 1670 2541 psal-

184 2568 373 2605 teriorum
403 2578 554 2616 genere
584 2564 777 2616 distingui
806 2564 956 2611 voluit,
990 2563 1064 2602 sed
1093 2564 1262 2603 ornandi
1292 2576 1416 2603 causa
1445 2575 1496 2599 ex
1524 2562 1670 2599 instru-

182 2639 305 2677 menti
336 2638 463 2688 figura
501 2635 659 2674 addidit
688 2634 895 2687 epitheton
931 2647 1011 2672 non
1043 2635 1236 2687 simplex,
1278 2634 1387 2686 quod
1425 2630 1669 2676 sufficiebat,
1723 2662 1730 2668 .

182 2701 330 2758 ὀρθόν,
359 2707 431 2746 36(1
461 2708 726 2759 compositum
752 2698 1053 2756 ὁρθοψαλτικόν
1078 2701 1118 2744 h'.
1143 2719 1176 2744 6.
1207 2711 1385 2744 erectum
1412 2715 1583 2747 sonans,
1614 2701 1672 2739 ita

185 2783 482 2830 comparatum,
512 2783 556 2815 ut
580 2790 662 2815 non
684 2776 851 2815 multum
878 2790 902 2815 a
923 2776 1095 2828 simplici
1124 2775 1287 2813 differre
1317 2774 1517 2813 videatur.
1570 2773 1670 2810 For-

185 2863 288 2887 mam
314 2854 470 2894 autem,
493 2860 583 2900 Aqua
603 2847 727 2894 nitor,
758 2846 942 2898 psalterii
968 2846 1077 2899 quod
1099 2844 1301 2885 Oehlerus
1328 2845 1405 2884 hoc
1430 2843 1555 2882 latine
1578 2842 1669 2881 red-

186 2920 268 2958 dito
291 2919 491 2957 ‘Dionis
513 2918 871 2971 Chrysostomi
892 2918 942 2970 in
960 2916 1226 2956 Protheos.
1250 2915 1309 2954 ad
1337 2914 1668 2954 Psalm.’10002
