1898 3236
245 262 293 302 10
807 267 1151 299 οοΝιΕοΤΑΝΕΑ.

240 378 480 423 ‘psalterium
511 387 626 412 unum
649 379 705 411 est
731 376 1088 419 instrumentorum,
1122 386 1220 422 quae
1240 377 1380 422 fidibus
1406 379 1626 423 tenduntur,
1656 382 1725 417 sed

240 453 426 492 erectum,
475 448 585 483 cuius
621 457 738 482 sonus
784 446 1012 481 altrinsecus
1049 455 1100 482 ea:
1142 447 1343 492 superiore
1375 452 1493 494 parte
1530 450 1719 486 redditur'

239 519 435 565 illustrat,
479 517 559 555 Dio
591 515 753 567 quidem
785 513 1099 565 Chrysostomus
1143 513 1244 552 nihil
1283 515 1388 563 tale,
1437 517 1545 569 quod
1582 519 1720 566 seiam,

240 589 421 640 scripsit,
448 588 489 626 in
506 586 670 625 Ioannis
693 589 828 623 autem
849 582 1128 635 Chrysostomi
1154 587 1449 626 commentariis
1471 587 1523 626 ad
1543 588 1721 640 psalmos

240 673 320 697 non
351 657 493 697 eadem
523 655 596 696 sed
614 655 718 694 haec
746 654 832 693 fere
864 654 1011 693 similia
1040 654 1168 693 verba
1195 655 1353 696 inveni:
1392 658 1434 695 in
1459 671 1518 710 ps.
1543 657 1722 697 CXLIX

239 744 279 781 p.
301 735 371 770 634
399 742 424 767 a
453 728 607 776 (Lutet.
638 725 767 764 Paris.
790 723 896 776 1614)
928 718 972 763 τὸ
999 721 1071 774 μὲν
1100 719 1305 775 τύμπανον
1333 718 1404 776 τὴν
1431 724 1622 779 νέκρωσιν
1653 727 1723 777 τῆς

240 789 386 848 σαρκὸς
423 789 539 847 ἡμῶν
575 792 765 844 ἐπιζητεῖ,
805 787 851 832 τὸ
888 791 930 834 δὲ
965 789 1188 846 ψαλτήριον
1226 788 1267 834 τὸ
1305 789 1403 848 πρὸς
1441 789 1508 835 τὸν
1547 789 1721 848 οὐρανὸν

239 865 420 918 βλέπειν·
466 864 534 905 καὶ
559 858 635 918 γὰρ
661 859 821 905 ἄνωθεν
847 857 890 902 τὸ
917 859 1088 916 ὄργανον
1112 865 1228 904 τοῦτο
1254 868 1439 917 κινεῖται,
1468 859 1516 906 οὗ
1539 861 1721 906 κάτωθεν

241 932 367 989 ὥσπερ
403 931 429 988 ἡ
463 931 636 988 medea.-
674 936 912 990 quibuscum
943 936 1048 975 conf.
1081 927 1202 989 quae*
1217 935 1268 976 de
1292 937 1533 991 Hieronymi
1562 938 1719 990 exposi-

239 1010 348 1048 tione
378 1009 623 1062 psalmorum
650 1009 773 1048 Ianus
802 1007 829 1047 l.
856 1019 891 1045 c.
922 1007 1070 1046 attulit.

338 1092 491 1144 *Atque
519 1091 659 1130 horum
687 1091 862 1144 quidem,
895 1101 1000 1141 quae
1028 1088 1161 1127 adhuc
1188 1089 1319 1140 tetigi,
1348 1089 1665 1140 fragmentorum
1687 1090 1721 1128 si

241 1177 322 1201 non
357 1161 677 1214 improbabiliter
713 1155 852 1200 sedem
892 1173 940 1198 ac
974 1160 1213 1199 sententiam
1250 1160 1356 1208 erui,
1395 1159 1518 1199 facile
1554 1159 1723 1199 aliorum

243 1233 478 1271 commentis
505 1231 873 1284 supersedebimus,
899 1231 1071 1270 maxime
1094 1231 1304 1282 Scaligeri,
1329 1231 1397 1282 qui
1419 1230 1580 1280 ingenio
1601 1230 1722 1283 paulo

240 1303 514 1354 indulgentior
543 1315 614 1340 suo
643 1302 684 1340 in
714 1301 935 1341 Catalectis
966 1302 1128 1352 Virgilii
1159 1300 1308 1352 (Lugd.
1331 1300 1422 1339 Eat.
1453 1299 1559 1352 1617)
1588 1314 1628 1353 p.
1654 1307 1723 1342 252

242 1386 291 1412 ex
328 1373 408 1412 illis
447 1378 486 1411 et
523 1372 612 1410 aliis
649 1372 851 1410 nonnullis
888 1371 1006 1410 huius
1044 1376 1205 1410 saturae
1243 1371 1429 1411 versibus
1467 1371 1596 1419 hunc,
1643 1385 1721 1423 quo

242 1443 571 1496 ‘descriptionem
596 1442 806 1494 psaltriae’
839 1442 1034 1480 contineri
1066 1441 1184 1490 dicit,
1219 1447 1430 1481 centonem
1455 1442 1639 1493 collegit:

509 1534 738 1571 Phoeniciae
768 1544 851 1570 sum
882 1534 983 1571 voci'
1012 1534 1285 1571 suscitabulum

512 1605 828 1652 Cantautiumque
860 1605 994 1642 Gallu’
1027 1604 1282 1642 Gallinaceus.

510 1676 594 1720 Qua
624 1675 795 1712 mobilem
823 1676 961 1713 Divum
987 1676 1113 1723 lyram
1147 1674 1212 1711 Sol
1238 1675 1418 1722 karmoqe

512 1746 685 1790 Quadam
712 1748 932 1794 yubernans
960 1745 1118 1782 motibus
1146 1746 1218 1781 diis
1248 1749 1361 1792 veqet.

511 1817 722 1854 Enchorda
745 1817 914 1863 psaltica
946 1816 1070 1852 attulit
1097 1815 1296 1862 psalteria,

512 1888 655 1933 Quibus
682 1890 822 1924 sonant
849 1887 888 1922 in
920 1886 1083 1923 Graecia
1112 1885 1284 1928 dicteria,

512 1959 586 2004 Qui
612 1958 838 2012 fabularum
869 1958 1055 1994 collocant
1087 1957 1262 1999 exordia,

517 2030 562 2067 Ut
589 2030 740 2072 comici,
775 2029 942 2072 cinetici,
976 2028 1169 2065 scenatici.

513 2099 556 2135 Si
586 2100 671 2146 quis
700 2100 854 2137 melodis
884 2099 1031 2135 naeniis
1061 2089 1151 2141 ὅνος
1180 2090 1317 2144 λύρας,

513 2171 771 2218 Praesepibus
799 2180 840 2207 se
870 2171 1033 2206 retineat
1059 2167 1297 2216 forensibus.-

515 2241 658 2285 Quibus
686 2252 796 2277 suam
825 2241 982 2278 delectet
1011 2240 1092 2286 ipse
1121 2240 1319 2283 amusium,

512 2312 563 2347 Et
588 2313 805 2348 aviditatem
834 2309 1010 2358 speribus
1039 2311 1152 2347 lactet
1178 2310 1269 2345 suis.

523 2382 650 2419 Valete
679 2392 811 2430 meque
836 2382 1016 2429 palmulis
1040 2381 1250 2428 producite.

245 2473 294 2510 In
325 2470 470 2523 quibus
504 2470 598 2509 nolo
633 2471 770 2509 rimari
805 2469 982 2521 singula:
1033 2468 1130 2521 quid
1168 2468 1317 2508 distent
1349 2484 1374 2508 a
1411 2472 1558 2509 nostris
1592 2472 1723 2524 quivis

225 2542 477 2592 jnteHeget,
514 2554 590 2579 nec
627 2553 773 2580 vereor
808 2553 860 2579 ne
897 2539 986 2592 quis
1018 2551 1068 2577 ea
1095 2551 1195 2591 prae
1224 2538 1327 2588 illis,
1367 2553 1472 2592 quae
1502 2541 1724 2580 ludibunda

244 2626 364 2650 manu
391 2611 575 2662 Scaliger
604 2612 751 2650 iecisse
774 2610 955 2658 videtur,
989 2615 1166 2663 spernat.
1226 2609 1291 2649 Ab
1313 2611 1395 2650 illis
1418 2617 1552 2650 autem
1573 2612 1724 2651 distant

244 2683 427 2720 nonnihil
453 2683 578 2731 haec,
609 2695 714 2734 quae
740 2680 992 2720 in·eiusdem
1021 2680 1221 2732 Scaligeri
1248 2682 1520 2720 coniectaneis
1548 2681 1590 2719 in
1619 2681 1720 2733 Var-

245 2765 383 2790 ronem
416 2751 497 2803 (ed.
528 2752 596 2790 III
626 2765 663 2790 a.
696 2750 804 2803 1581)
834 2764 874 2803 p.
899 2757 945 2793 84
972 2764 1033 2804 sq.
1063 2751 1270 2802 leguntur:

514 2844 565 2880 Et
594 2844 846 2890 orthopallica
875 2844 1002 2880 attulit
1026 2844 1227 2890 psalteria,

516 2914 657 2957 Quibus
685 2918 823 2951 sonant
851 2916 891 2951 in
926 2915 1090 2951 Graecia
1119 2915 1290 2958 dicteria,
