1898 3236
736 262 1081 294 conmorANEA.
1597 250 1650 290 89

304 387 344 426 p.
377 377 445 414 176
488 371 596 420 Equi
620 372 747 408 colore
771 369 952 418 dispares
975 368 1062 406 ite'm
1093 368 1198 405 na'ti:

490 444 566 482 Hic
594 442 742 486 bridius,
767 443 838 478 iste
862 438 999 488 qitvus,
1029 441 1092 476 itte
1121 437 1308 474 murinus.

163 534 269 574 Vide
299 548 338 586 p.
369 540 427 575 35.
494 533 571 571 His
607 529 786 570 addendi
817 534 929 577 sunt,
970 523 1050 567 nisi
1080 541 1143 566 me
1182 527 1288 565 fallit
1329 527 1530 579 opinatio,
1573 526 1652 564 duo

164 605 215 644 de
245 609 400 642 Bmanco
428 601 667 642 choliambi:

302 709 342 748 p.
374 701 439 736 101
491 696 549 732 Ne
577 692 638 731 me'
661 694 829 741 pedatus
854 690 1031 729 ve'rsuum
1062 719 1070 727 .
1104 720 1112 727 .
1144 691 1283 728 ta'rdor

488 764 679 814 Refre'net
703 767 788 800 arte
817 761 994 809 campan·
1015 762 1193 809 rythmo'n
1221 761 1381 805 certum,

163 857 215 896 de
247 855 391 909 quibus
419 854 553 894 dicam
576 853 630 893 ad
659 866 750 892 eam
781 856 973 891 saturam.
1022 850 1145 903 Quod
1172 865 1270 890 vero
1301 851 1487 902 Scaliger
1515 852 1556 888 in
1587 863 1652 888 ea-

139 928 396 979 -talectis,p.
426 931 493 967 118
520 923 703 964 eiusdem
733 923 895 974 generis
926 921 1156 974 exemplum
1184 921 1373 973 protulit:

362 1017 479 1066 Infle't
502 1018 735 1065 priusquam
765 1013 880 1051 tibias
909 1015 949 1051 in
977 1013 1181 1050 o'rche'stra

365 1089 481 1126 Domi
505 1099 599 1126 suae
628 1084 825 1135 Pyth‘aula
855 1084 1020 1123 ramice's
1050 1085 1206 1132 rumpit,

164 1194 240 1219 nee
270 1178 324 1218 ad
354 1192 443 1218 eam
473 1178 586 1217 cuius
615 1190 706 1216 esse
737 1176 868 1216 voluit
890 1180 1068 1214 saturam
1097 1172 1190 1211 Ὀκοο
1216 1176 1335 1210 Avmc
1362 1174 1550 1225 pertinet,
1577 1187 1654 1212 nec

157 1253 383 1301 pythaulem
419 1256 533 1288 recte
571 1248 789 1301 explicuit,
837 1230 915 1286 ilec
947 1245 1124 1298 denique
1161 1244 1268 1283 tales
1305 1258 1448 1283 versus
1478 1245 1575 1283 licet
1605 1259 1655 1284 ex

163 1322 242 1361 hac
264 1321 457 1360 librorum
482 1319 679 1359 memoria
705 1317 830 1369 (Non.
860 1332 900 1370 p.
926 1323 1004 1364 166,
1035 1315 1120 1368 10):
1151 1319 1379 1366 priusquam
1414 1319 1453 1354 in
1481 1323 1656 1354 orcestra

136 1417 138 1419 -
157 1393 368 1441 pythaules
395 1393 501 1440 inflet
527 1392 650 1435 tibias,
681 1392 783 1427 (lomi
809 1400 904 1427 suae
935 1391 1101 1427 ramices
1130 1391 1275 1436 rumpit
1302 1386 1566 1439 probabiliter
1596 1388 1654 1426 ef-

164 1463 332 1513 fingere.
393 1461 477 1500 Sed
503 1466 640 1511 tamen
664 1459 795 1499 latent
823 1459 879 1498 ibi
907 1459 1077 1506 numeri,
1110 1472 1211 1511 quos
1241 1458 1299 1496 ita
1326 1471 1544 1510 recupero:

365 1553 603 1600 Priusquam
622 1553 662 1588 in
684 1550 886 1589 orchestra'
900 1551 1111 1600 pythaules
1131 1549 1239 1598 inflet
1259 1549 1372 1587 tibids
1390 1551 1492 1587 domi
1513 1546 1610 1587 suae

369 1623 550 1662 Rumices
577 1622 734 1671 rumpit.

164 1715 392 1762 Pytkaulem
422 1719 463 1752 et
486 1726 645 1752 omnem
663 1713 906 1751 sententiam
926 1710 1128 1753 Oehlerus
1149 1697 1336 1762 dpposite
1356 1709 1517 1748 Horatii
1536 1724 1656 1749 versu

167 1784 208 1822 in
235 1789 322 1822 arte
349 1783 514 1836 poetica
540 1789 610 1824 414
635 1783 833 1822 illustrat:

969 1875 1037 1921 qui
1063 1873 1205 1921 Pythia
1231 1876 1364 1909 cantat

261 1925 326 2012 ,Ὁ
370 1947 534 1991 Tibicen,
565 1947 695 1984 didicit
721 1948 834 1994 prius
865 1946 1115 1992 extimuitque
1144 1945 1380 1992 maqistrum.

165 2036 218 2075 ad
255 2050 376 2090 quem
411 2049 573 2075 versum
609 2035 828 2074 Lambinus
868 2034 1049 2074 meminit
1090 2033 1370 2073 varronianae
1414 2034 1655 2073 sententiae.

166 2107 374 2159 Sumptum
419 2113 554 2146 autem
603 2106 704 2145 illud
754 2107 1024 2157 fragmentum
1071 2119 1093 2144 e
1138 2111 1277 2143 satura
1322 2104 1386 2142 cui
1424 2104 1658 2143 inscribitur

164 2182 355 2215 Τιίοᾼιτηο
381 2182 575 2216 ΤιηπγΛιοο
600 2183 692 2215 Περι
722 2184 860 2214 Ain-:Tne
885 2181 1068 2212 Krncsswc.
1119 2175 1243 2215 Cuius
1271 2175 1320 2213 fr.
1351 2180 1373 2214 2
1400 2174 1587 2223 eosdem,
1614 2181 1658 2213 ut

165 2256 277 2302 puto,
305 2263 494 2289 numeros
525 2249 671 2288 refert:

367 2341 467 2378 Nam
505 2341 547 2377 ut
581 2351 673 2377 ecus
705 2341 773 2387 qui
801 2342 853 2377 ad
882 2337 1127 2376 vehe'udumst
1157 2341 1291 2381 natus,
1330 2336 1458 2374 ta'men
1485 2338 1547 2375 hic
1576 2343 1656 2375 tra-

340 2394 346 2395 ?
1247 2408 1354 2445 ditur
1382 2410 1564 2457 maqistro

373 2462 416 2518 [Jt
443 2482 573 2529 equiso
602 2481 736 2518 docea't
767 2482 923 2518 tolutim.

168 2574 267 2610 Nam
295 2577 363 2608 aut
391 2569 484 2609 libri
510 2569 616 2609 Non.
645 2585 685 2622 p.
713 2551 797 2617 ἰοῦ,
828 2577 894 2611 30:
926 2572 996 2608 sed
1018 2574 1060 2607 ut
1083 2582 1124 2620 p.
1157 2573 1192 2616 4,
1229 2575 1283 2608 15.

280 2642 329 2679 In
360 2646 493 2687 MANUO,
530 2632 637 2679 imde
671 2640 929 2687 defleximus,
960 2653 1051 2678 cum
1073 2646 1163 2678 tres
1194 2652 1338 2677 versus
1368 2640 1656 2690 recuperarim,

166 2727 288 2752 unum
319 2727 344 2750 a
373 2713 561 2764 Roepero
588 2711 745 2750 illatum
770 2724 906 2749 rursus
931 2709 1146 2761 expellam.
1186 2711 1255 2748 Fr.
1287 2715 1328 2750 12
1350 2710 1408 2747 sie
1430 2709 1553 2747 tradit
1573 2709 1656 2746 No-

166 2784 256 2822 nius
291 2797 331 2835 p.
366 2790 444 2829 113,
478 2789 519 2823 12
555 2781 743 2820 ‘Fallere’
772 2792 1007 2830 emurque,
1036 2784 1214 2819 iamvere.
1265 2781 1417 2818 Manio:
1448 2779 1542 2817 ‘tam
1572 2792 1657 2817 eum

144 2856 219 2892 'ad
245 2865 355 2902 quem
385 2857 538 2892 veniunt
567 2853 603 2891 et
631 2855 822 2903 ospitium,
853 2854 914 2890 tac
946 2853 1154 2891 humanum
1178 2851 1368 2900 sellasse.’
1425 2849 1548 2901 Quod
1577 2855 1657 2888 tes-

166 2925 375 2963 timonium
399 2925 494 2963 olim
519 2924 660 2963 Iunius
692 2929 733 2962 et
761 2924 977 2976 Mercerus,
997 2923 1056 2962 ita
1086 2927 1360 2969 correxerunt,
1386 2926 1431 2959 ut
1454 2921 1496 2959 in
1518 2934 1657 2960 eorum
