1898 3236
777 259 1116 298 eumenum.
1641 257 1696 297 97

205 386 365 411 versum
396 372 492 423 (nec
530 373 636 411 enim
665 386 773 412 nunc
809 371 1099 411 adhaerescam
1138 368 1327 422 siugulis)
1364 369 1488 421 plana
1518 383 1567 408 ac
1606 383 1696 421 per-

206 445 348 496 spicua
383 443 483 493 sint,
526 450 571 482 ut
608 457 688 482 non
728 448 877 495 egeant
906 442 1204 494 explicatione,
1243 441 1324 479 nisi
1363 439 1467 492 quod
1500 440 1542 478 in
1573 439 1622 478 fr.
1656 446 1700 479 14

206 514 311 551 hanc
341 519 580 552 structuram
615 518 653 552 in
693 517 825 564 quibus
855 514 1026 562 partibus
1055 516 1092 550 in
1130 515 1356 561 arqumenlis
1385 523 1461 549 nec
1488 510 1699 548 Mei-cerus

204 596 282 622 uec
294 583 545 622 Basilienses
568 584 745 636 (Non.p.
759 589 839 633 374,
849 581 890 634 7)
909 588 1119 634 ceperunt,
1139 581 1370 620 duodecimi
1387 581 1436 619 fr.
1456 582 1697 620 sententiam

204 653 375 704 insignis
404 638 519 693 labes
548 655 740 694 librorum
771 654 1013 693 obscuravit.
1073 651 1206 703 Quam
1227 651 1374 704 quibus
1395 653 1699 705 opinationibus

205 725 434 776 superiores
464 724 553 763 tolli
581 725 820 774 voluerunt,
852 739 987 764 earum
1012 724 1128 763 nulla
1158 728 1239 770 est,
1271 736 1376 775 qnae
1408 737 1481 762 sua
1510 723 1696 776 probabi-

203 795 318 832 litate
342 795 664 845 commendetur,
704 795 926 835 nonnullae
957 794 1061 834 adeo
1095 794 1217 843 tales,
1255 800 1300 833 ut
1336 808 1474 833 earum
1512 800 1700 833 auctores

203 863 391 903 tenebras
416 865 597 905 voluisse
616 866 802 909 tenebris
830 865 986 916 pellere
1009 863 1239 906 videantur.
1288 864 1357 903 Sic
1382 878 1455 916 pro
1484 878 1551 913 ea,
1580 878 1699 916 quam

202 947 324 986 supra
354 928 549 988 expressi,
581 936 765 976 codicum
792 936 994 986 scriptura
1023 933 1147 985 (Non.
1166 948 1205 986 p.
1225 941 1306 983 213,
1327 934 1388 986 13)
1410 939 1504 984 paci
1528 939 1565 973 in
1589 937 1701 974 huius

201 1005 376 1057 Popma,
407 1006 518 1058 quod
543 1021 624 1046 non
645 1006 854 1058 displicuit
873 1005 1070 1063 Oehlero,
1100 1007 1197 1043 Pari
1211 1007 1341 1051 huius,
1369 1005 1700 1056 Laurcnbergius

202 1071 249 1113 iff
273 1076 516 1129 Antiquario
547 1092 578 1116 s.
615 1091 653 1117 v.
679 1081 796 1116 melus
833 1091 873 1129 p.
912 1082 976 1117 271
1010 1077 1207 1121 Bacchiis,
1243 1075 1386 1113 Iunius
1417 1078 1700 1114 Palimbacchiis

202 1148 418 1186 commenti
445 1154 556 1198 sunt,
589 1148 767 1201 denique
793 1147 995 1187 oehlerus
1019 1150 1186 1195 payinae
1212 1148 1321 1184 huius
1349 1160 1422 1186 suo
1442 1147 1626 1199 periculo
1658 1146 1698 1183 in

200 1222 317 1255 textu
347 1220 566 1270 expressit.
624 1220 734 1270 Ergo
764 1218 934 1257 videant
964 1215 1187 1265 doctiore's,
1230 1230 1325 1256 num
1356 1217 1454 1269 quid
1482 1217 1579 1255 mihi
1608 1210 1696 1267 pro·

204 1286 375 1325 habilius
406 1301 549 1328 eruere
579 1290 805 1341 contigerit.
867 1287 967 1327 Cum
998 1289 1104 1327 enim
1130 1288 1259 1326 Varro
1284 1293 1402 1338 grata
1430 1287 1698 1325 translatione

199 1357 432 1415 rhythmum
478 1367 518 1399 et
555 1361 680 1400 melos
726 1366 929 1411 tamquam
968 1372 1043 1414 par
1085 1373 1299 1410 puerorum
1336 1358 1522 1406 inducat,
1568 1358 1610 1394 in
1649 1370 1698 1394 ea

200 1429 374 1479 perstari
398 1431 636 1483 metaphora
662 1430 715 1468 ad
736 1429 1033 1468 emendandum
1056 1431 1214 1469 initium
1241 1429 1458 1481 fragmenti
1481 1427 1697 1480 oportebit.
1727 1457 1732 1464 .

201 1499 339 1551 Atque
372 1500 413 1538 in
442 1507 630 1552 promptu
660 1506 755 1539 sunt
782 1494 924 1549 χρόνος
960 1506 1002 1539 et
1030 1493 1168 1550 φωνή,
1202 1514 1223 1540 e
1253 1515 1421 1553 quorum
1453 1500 1570 1552 quasi
1601 1513 1696 1538 con-

202 1569 312 1619 iugio
341 1570 478 1620 proles
499 1570 572 1609 illa
590 1583 803 1622 puerorum
825 1569 988 1621 prodire
1012 1570 1188 1610 dicatur:
1225 1578 1270 1610 ut
1296 1573 1331 1610 si
1359 1571 1523 1610 litterae
1559 1583 1696 1609 assen-

202 1640 346 1686 tirent,
387 1641 518 1691 possis
548 1643 707 1690 coniuyii
728 1643 836 1679 huius
863 1647 1071 1680 nascuntur
1091 1646 1209 1692 pueri
1241 1658 1275 1683 r.
1306 1650 1341 1681 et
1365 1657 1414 1680 m.
1446 1656 1526 1680 non
1557 1643 1696 1692 inepte

182 1696 413 1761 suspicari.
474 1711 594 1750 Nunc
625 1711 1030 1764 circumspiciendum
1061 1719 1123 1751 est
1152 1713 1283 1762 aliud,
1323 1712 1431 1766 quod
1472 1715 1513 1750 et
1542 1713 1698 1751 referat

201 1779 314 1818 illam
352 1781 619 1830 sententiam,
657 1795 735 1821 nec
779 1796 803 1821 a
841 1785 1033 1823 memoria
1052 1778 1196 1824 'Nonii
1237 1784 1472 1832 abhorreat,
1520 1783 1695 1835 denique

205 1851 331 1888 etiam·
358 1853 535 1890 numeris
567 1854 795 1902 conveniat,
827 1868 929 1908 quos
959 1869 1138 1907 agnosco
1168 1856 1210 1894 in
1239 1849 1323 1894 h'is:

329 1961 334 1967 ·
401 1943 524 1981 Hunis
555 1950 760 1982 nascuntur
779 1947 898 1994 pz'ceri
924 1949 1119 1996 rhythmus
1150 1947 1186 1986 e'l
1214 1949 1337 1984 melos.

202 2029 361 2082 Quibus
391 2033 583 2072 satisfieri
615 2034 829 2075 desideriis
861 2038 993 2076 visum
1025 2046 1086 2076 est
1114 2037 1212 2076 mihi
1240 2037 1319 2074 hac
1349 2036 1603 2074 coniectura:

383 2106 388 2110 ¹
1145 2127 1375 2176 compdyinis

402 2195 527 2232 Huias
556 2203 761 2234 nascuntur
786 2199 903 2246 paeri
931 2199 1126 2246 rhylhmus
1153 2199 1190 2235 έΙ
1215 2200 1336 2235 melos.

201 2284 432 2332 Compayireis
461 2284 565 2322 enim
594 2285 792 2324 vocabulo
823 2286 874 2325 de
898 2287 970 2325 illa
1000 2288 1117 2340 quasi
1143 2286 1347 2337 coniugali
1375 2280 1519 2336 χρόνου
1546 2292 1586 2324 et
1613 2299 1694 2334 φω-

178 2352 273 2402 ,νῆς
298 2354 486 2392 iunctura
518 2355 644 2393 Varro
672 2370 754 2395 non
778 2357 910 2395 minus
940 2363 1035 2408 apte
1065 2359 1206 2410 opinor
1228 2358 1287 2396 uti
1304 2357 1455 2409 potuit,·
1481 2369 1602 2408 quam
1628 2356 1697 2395 vel

199 2424 391 2464 Lucanus
413 2425 449 2463 V
472 2431 535 2466 119
562 2426 720 2465 animae
743 2432 783 2465 ct
812 2429 991 2479 corporis
1012 2429 1337 2467 coniunctionem
1355 2427 1459 2466 dixit
1485 2440 1696 2478 compayem

199 2495 418 2539 humanam,
450 2501 492 2533 et
521 2495 572 2535 de
611 2499 763 2536 Veneris
793 2500 1028 2548 compayibus
1049 2499 1263 2538 Lucretius
1294 2498 1473 2551 loquitur
1502 2499 1564 2537 IV
1594 2504 1696 2539 1106.

164 2576 169 2578 ‘
202 2563 291 2602 Nec
321 2564 424 2604 adeo
457 2576 481 2604 a
506 2567 666 2606 traditis
696 2568 843 2607 litteris
862 2572 956 2617 paci
981 2572 1018 2607 in
1048 2568 1238 2608 abhorret
1262 2567 1363 2606 illud
1393 2569 1500 2621 quod
1532 2570 1697 2620 reposui

199 2637 426 2683 eompayinis
471 2637 512 2688 h.
544 2632 584 2676 e.
620 2642 780 2688 epaqini.
850 2639 935 2678 Sed
973 2640 1050 2678 erit
1092 2639 1163 2692 qui
1200 2638 1252 2677 de
1282 2640 1531 2690 compaginis
1569 2640 1697 2677 forma
1753 2667 1756 2670 -

200 2703 359 2743 dubitet
391 2713 557 2758 propter
586 2705 721 2746 Servii
748 2709 1070 2759 adnotationem,
1103 2724 1232 2762 quam.
1254 2708 1306 2747 ad
1332 2708 1543 2748 Aeneidos
1574 2709 1594 2746 Ι
1629 2714 1698 2750 293

199 2775 439 2828 adscripsit:
485 2777 705 2827 ‘compayes
747 2782 956 2829 compagis-³
993 2784 1135 2831 (antiqui
1170 2787 1309 2828 tantam
1348 2781 1526 2817 dicebant.
1570 2786 1693 2828 poste-

200 2850 292 2883 ritas
322 2849 468 2885 admisit
495 2854 535 2885 ul
562 2851 669 2886 etiam
698 2850 920 2899 ‘compayo'
951 2854 1117 2889 dicatur:
1147 2854 1216 2888 sed
1242 2864 1314 2889 non
1345 2853 1430 2899 quia
1460 2852 1588 2888 varius
1618 2861 1698 2888 esse

194 2922 314 2964 potest
348 2922 608 2964 nominativus,
656 2919 758 2956 debet
792 2922 899 2956 etium
934 2921 1126 2959 declinatio
1165 2925 1310 2959 malari.
1350 2943 1407 2948 —
1451 2942 1506 2947 —
1534 2948 1543 2956 .
1609 2932 1696 2970 erqo

1401 2989 1423 2999 .-

268 2984 422 3017 VAuum
436 3011 444 3026 ,
472 2986 582 3018 Com.
600 2995 638 3018 IN
656 2985 775 3017 VAnn.
796 2995 876 3017 sar.
1407 3000 1419 3026 Ι
