1898 3236
739 254 1083 287 comnoumu.
1601 248 1655 287 27

171 377 206 403 c.
217 370 282 405 28:
308 376 354 402 ac
373 375 494 412 super
510 364 580 401 hos
598 364 795 412 Polybium
810 375 835 399 a
856 363 1002 406 studiis,
1031 364 1099 410 qui
1114 372 1230 410 saepe
1249 363 1350 399 inter
1369 363 1465 399 duos
1481 365 1658 400 consules

170 436 410 472 ambulabat.-
467 436 536 472 sed
563 439 652 472 ante
680 444 810 472 omnes
838 434 1064 470 Narcissum
1096 434 1143 470 ab
1171 434 1344 481 epistulis
1380 439 1417 470 ee
1439 435 1656 472 Pallantem

170 520 194 544 a
221 507 443 544 rationibus.
498 504 563 544 of.
594 503 767 543 eundem
790 503 831 541 in
856 503 943 542 vita
966 501 1141 553 Augusti
1169 516 1204 542 c.
1225 508 1284 545 67.
1323 502 1480 542 Plinius
1501 505 1652 556 epistu-

168 578 298 615 larum
317 576 422 615 VIII
449 583 487 616 l:
517 576 728 623 Encolpius
753 576 902 623 quidem
925 575 1064 618 lector,
1094 575 1156 611 ille
1185 576 1289 610 seria
1316 580 1471 620 nostra,
1503 577 1564 613 ille
1590 579 1655 615 de-

167 650 298 692 liciae,
345 648 591 694 eoeasperatis
625 645 810 695 faucibus
840 646 1003 694 pulvere
1041 646 1265 692 sanquinem
1303 647 1446 683 reiecit.
1509 645 1653 685 Cicero

171 732 235 771 ep.
267 716 319 756 ad
350 715 533 754 Atticum
562 715 669 755 VIII
697 722 742 763 5,
771 722 806 756 1.
863 716 931 755 De
957 713 1188 767 Amphione
1225 713 1422 766 tragoedo
1453 729 1654 769 numquae

169 789 340 828 forsitan
372 785 470 826 alibi
501 785 717 825 delitescat
746 786 890 825 notitia
921 785 1134 833 historica,
1183 784 1320 824 dicere
1358 799 1440 825 non
1467 801 1653 839 possum:

167 873 266 908 nec,
307 860 341 897 si
383 871 464 897 non
501 858 702 906 extiterit,
740 857 819 895 hoc
849 856 990 894 mirum
1021 862 1090 894 aut
1120 856 1327 907 singulare
1365 857 1475 909 apud
1503 858 1653 898 Varro-

166 944 279 979 nem,
312 930 423 969 cuius
446 928 565 967 unius
583 928 800 967 memoriae
822 927 944 966 etiam
968 926 1051 965 alia
1074 926 1275 979 quaedam
1294 928 1458 967 nomina
1483 936 1657 982 accepta

166 1002 409 1042 referuntur.
447 998 675 1039 Fabulosus
694 998 772 1041 ‚ille
796 996 959 1049 quidem
978 997 1195 1049 Amphion,
1223 999 1291 1051 qui
1319 987 1544 1040 Thebanae
1572 1002 1657 1040 arci

167 1071 446 1113 aedificandae
489 1068 651 1122 lapides
695 1073 818 1107 cantu
862 1068 1040 1107 movisse
1080 1068 1309 1118 ferebatur,
1361 1069 1412 1108 ab
1446 1070 1525 1109 hoc
1563 1072 1655 1110 loco

167 1144 326 1184 alienus
344 1174 353 1192 ,
396 1143 476 1182 nisi
513 1139 622 1194 quod
657 1153 709 1179 ne
741 1138 844 1178 illud
872 1138 1036 1192 quidem
1072 1153 1097 1178 a
1121 1153 1233 1179 more
1262 1140 1447 1179 Romano
1479 1141 1656 1182 alienum

167 1220 230 1255 est
253 1214 383 1254 servis
406 1213 574 1252 heroum
592 1211 756 1249 nomina
783 1209 901 1249 addi:
940 1210 993 1247 cf.
1021 1209 1070 1250 Ο.
1094 1210 1229 1249 Iahnii
1251 1212 1417 1264 specim.
1444 1213 1653 1265 epigraph.

165 1301 205 1340 p.
235 1293 293 1329 99.
345 1286 476 1326 Varro
507 1282 559 1322 de
586 1296 616 1321 r.
646 1296 678 1321 r.
710 1281 778 1322 III
808 1287 873 1329 13,
905 1286 940 1321 3.
991 1280 1198 1333 Apodosis
1227 1281 1416 1335 denique,
1448 1297 1554 1335 quae
1586 1283 1654 1323 de-

166 1357 389 1404 sideratur,
421 1354 632 1402 enuntiati,
665 1351 810 1405 quibus
841 1364 1037 1404 expressa
1058 1351 1195 1392 verbis
1221 1352 1356 1401 fuerit,
1388 1355 1477 1406 quis
1498 1355 1653 1394 divinet

165 1426 318 1466 hodie?
355 1426 559 1465 sententia
588 1430 724 1463 autem
762 1429 830 1462 aut
864 1422 966 1461 nihil
1003 1428 1071 1461 aut
1098 1436 1180 1461 non
1210 1423 1379 1462 multum
1406 1424 1570 1465 videtur
1603 1426 1654 1465 ab

167 1513 218 1538 ea
244 1499 408 1538 diversa
435 1496 586 1542 fuisse,
617 1507 737 1546 quam
765 1493 945 1541 indicavi
970 1506 1104 1545 supra.
1149 1494 1269 1533 Haec
1297 1508 1387 1534 cum
1416 1496 1513 1535 mihi
1539 1498 1653 1545 satis,
1715 1513 1718 1516 ⁴

166 1576 211 1608 ut
231 1570 273 1608 in
295 1568 493 1620 reliquiis,
523 1564 751 1618 probabilia
781 1577 872 1603 esse
895 1563 1178 1616 persuadeam,
1210 1568 1527 1606 controversiam
1545 1569 1652 1607 exci-

167 1647 229 1680 tat
248 1641 458 1691 Roeperus
482 1637 510 1676 l.
530 1651 564 1676 c.
585 1651 624 1689 p.
641 1642 722 1684 263,
754 1637 822 1688 qui
852 1642 893 1674 et
923 1641 1111 1688 corrupta
1126 1635 1254 1676 verba
1271 1651 1348 1677 nec
1370 1639 1507 1691 qualia
1522 1639 1655 1678 adhuc

166 1713 256 1751 visa
282 1717 388 1758 sunt,
418 1707 626 1762 pedestria
650 1720 740 1746 esse
767 1708 969 1760 opinatus,
999 1707 1162 1746 refinxit
1193 1721 1243 1746 ea
1269 1709 1311 1747 in
1336 1709 1443 1748 hunc
1472 1709 1653 1749 modum:

276 1780 279 1782 ’
840 1790 949 1817 voces
976 1780 1224 1827 Amphionem
1397 1781 1402 1786 '

371 1851 632 1902 Traqoe'dum,
670 1852 804 1889 iubeas
830 1851 960 1899 pa'rtis
988 1862 1104 1900 ayere
1134 1851 1372 1899 Amphionis,

367 1922 624 1973 Infa'ntiorem
651 1920 855 1973 [invenies]
887 1935 1001 1971 quam
1027 1927 1148 1960 meust
1175 1924 1300 1961 mulio.

167 1995 392 2042 Sententia,
419 2007 539 2047 quam
555 2006 636 2031 non
658 1999 901 2045 attemptata
921 1994 1114 2032 memoria
1137 1994 1325 2042 emimus,
1343 1995 1497 2046 respuit
1518 2008 1652 2034 emen-

166 2067 393 2114 dationem,
439 2065 612 2103 maxime
649 2076 759 2111 eam,
810 2077 915 2116 quae
952 2077 1004 2103 ne
1040 2063 1210 2104 lenitate
1252 2065 1416 2118 quidem
1453 2079 1652 2105 commen-

166 2138 306 2178 detur:
349 2144 390 2176 at
415 2136 598 2189 poscitur
625 2148 814 2182 numero,
847 2135 959 2174 cuius
989 2140 1124 2174 tamen
1155 2148 1230 2186 ego
1261 2141 1374 2174 certa
1402 2135 1553 2174 indicia
1583 2137 1652 2176 de-

167 2207 322 2256 sidero,
351 2213 391 2246 et
419 2221 523 2260 quae
544 2208 664 2246 istam
690 2206 848 2259 possint
867 2205 1078 2244 vindicare
1104 2205 1336 2245 audaciam:
1370 2220 1495 2258 quare
1516 2207 1654 2246 malim

167 2293 217 2319 ea
256 2292 346 2318 cum
384 2277 660 2330 superioribus
696 2276 904 2328 pedestria
941 2275 1108 2315 habere.
1165 2277 1222 2315 Ut
1251 2290 1303 2316 ne
1334 2276 1384 2315 de
1413 2290 1464 2315 ea
1490 2278 1654 2330 quidem

166 2351 317 2397 forma,
360 2361 480 2400 quam
508 2348 720 2400 Roeperus
750 2346 907 2394 intulit,
949 2351 1070 2385 meust
1099 2347 1199 2385 satis
1230 2352 1407 2386 constet:
1443 2349 1581 2400 qualia
1611 2351 1652 2389 in

164 2419 412 2458 hexametris
452 2419 588 2457 aliena
619 2431 710 2457 esse
756 2431 782 2456 a
809 2417 992 2457 Varrone
1026 2416 1312 2474 Lachmannus
1355 2418 1562 2458 admonuit
1599 2420 1652 2459 ad

155 2488 348 2528 'Lucretii
376 2489 421 2527 II
448 2494 518 2531 829
542 2503 582 2541 p.
609 2494 689 2529 122.
721 2488 775 2527 cf.
800 2486 854 2526 ad
877 2487 923 2527 H
944 2494 1023 2530 181.
1081 2487 1171 2526 Nec
1200 2488 1242 2526 in
1268 2488 1436 2542 reliquis
1464 2489 1651 2529 versibus

165 2559 303 2612 paullo
335 2559 484 2598 certius
512 2559 740 2611 exemplum
768 2558 943 2597 invenio.
984 2559 1090 2598 Nam
1120 2559 1228 2612 quod
1256 2560 1439 2599 Kochius
1469 2561 1511 2599 in
1536 2574 1650 2600 exer-

168 2629 426 2669 citationibus
459 2630 609 2669 criticis
637 2643 678 2682 p.
705 2636 751 2672 29
778 2635 1037 2675 Qumonsrmnu
1062 2632 1111 2669 fr.
1140 2639 1158 2673 1
1185 2633 1285 2678 Quid
1310 2634 1453 2670 medico
1480 2634 1573 2670 mihi
1596 2639 1654 2670 est

165 2708 288 2751 opus?
317 2712 451 2749 nempe
478 2707 562 2747 tuo,
600 2703 829 2740 absinthium
858 2704 916 2740 uti
942 2704 1064 2740 bibam
1093 2715 1248 2752 yravem
1277 2709 1313 2742 et
1342 2709 1569 2748 castoreum,
1600 2705 1651 2740 le-

167 2785 321 2822 vemque
351 2774 496 2810 robur?
545 2771 715 2810 senariis
744 2772 803 2810 ita
832 2772 1026 2812 describit

518 2896 520 2898 v
909 2844 1009 2889 Quid
1036 2845 1178 2882 medica
1207 2845 1299 2881 mihi

370 2915 515 2962 Opt'csl?
546 2925 680 2963 nempe
708 2915 791 2952 ideo
820 2912 1050 2952 absinthium
1079 2919 1121 2952 ul
1145 2914 1268 2953 biba'm
1294 2925 1451 2964 yravem
