1898 3236
210 250 263 290 52
438 302 442 306 ἣ
704 280 709 285 .
779 247 1119 287 οοΝιΕοΤΑΝΕΑ.

208 364 358 402 ficavit.
396 363 527 403 Video
551 375 601 400 ea
631 361 684 400 ad
699 359 892 399 Varronis
919 359 1046 414 verba
1063 359 1113 398 ab
1131 359 1350 406 editoribus
1369 361 1531 399 referri:
1553 363 1690 415 quam-

211 447 332 486 quam
359 433 518 480 mirere,
546 445 628 477 non
656 431 693 469 ei
714 430 807 468 voci
834 426 950 468 hane'
965 430 1149 468 notitiam
1171 429 1278 478 addi,
1306 429 1356 468 ad
1379 444 1500 483 quam
1519 433 1692 471 maxime

209 503 450 555 pertinebat.
512 502 612 541 Tria
650 501 776 548 enim,
815 499 883 538 vel
915 499 948 538 si
982 505 1118 539 tamen
1153 503 1365 549 yrandibus
1399 498 1615 550 superciliis
1643 506 1694 540 si-

208 577 329 611 lonem
362 573 642 624 coniungenda
671 578 775 619 sunt,
807 571 898 619 duo,
930 570 1073 623 quibus
1101 584 1278 623 persona
1305 573 1483 612 Socratis
1509 573 1693 624 designe-

210 650 285 690 tur,
315 643 464 682 indicia
495 643 686 682 eduntur:
716 645 928 693 yrandibus
953 644 1184 690 superciliis,
1214 647 1301 690 silo,
1332 646 1567 693 quadratus:
1597 655 1694 696 quo-

209 727 295 753 rum
320 714 402 770 hoq
426 720 670 766 postremum
696 713 953 760 mediocrem,
985 725 1065 749 non
1094 713 1287 762 gracilem
1316 727 1392 753 nec
1425 713 1591 752 obesam
1618 712 1697 750 viri

210 791 403 824 staturam
443 785 624 837 depingit
667 784 737 836 (cf.
772 783 827 822 H.
858 781 1025 820 Brunnii
1055 784 1186 821 Gesch.
1219 788 1254 822 d.
1285 787 1427 834 yrieclz.
1454 787 1642 822 Kiinstler
1671 783 1693 821 I

209 870 247 907 p.
280 856 390 908 ⁶220):
428 861 473 894 ut
509 856 601 894 huic
640 855 801 908 quidem
831 853 1009 906 epitheto
1038 867 1179 905 parum
1207 861 1302 906 apte
1330 854 1595 905 subiungatur
1624 853 1696 892 illa

212 925 262 964 de
308 925 436 965 Sileni
481 925 708 979 superciliis
746 924 965 963 adnotatio,
1027 913 1145 975 Quae
1185 924 1281 963 mihi
1324 925 1483 964 videtur
1519 930 1588 969 aut
1620 924 1699 975 ipsi

209 996 341 1036 Nonio
383 995 523 1035 deberi
563 996 673 1048 (vide
710 996 857 1034 similia
900 994 1177 1033 additamenta
1211 1009 1249 1046 p.
1290 1001 1378 1043 140,
1410 1002 1474 1044 303
1510 1000 1597 1042 149,
1628 1000 1694 1043 293

212 1074 299 1117 181,
340 1075 384 1108 10
413 1067 508 1119 aL),
548 1074 617 1106 aut
652 1067 797 1113 sciolo,
847 1065 915 1117 qui
951 1064 1181 1103 Nonianam
1214 1065 1352 1104 silonis
1387 1064 1698 1116 explicationem

211 1139 414 1178 affirmare
453 1138 521 1177 vel
559 1137 760 1189 complere
801 1133 1002 1174 studebat.
1063 1135 1258 1174 Varronis
1284 1134 1447 1188 quidem
1475 1134 1579 1173 haec
1608 1139 1695 1172 tan-

209 1215 294 1246 turn
333 1222 423 1247 esse
459 1209 653 1248 arbitror:
694 1218 817 1245 nonne
854 1208 1040 1243 hominem
1076 1209 1249 1244 scribunt
1284 1218 1365 1244 esse
1395 1206 1606 1255 yrandibus
1634 1216 1697 1242 su-

208 1282 390 1328 perciliis,
419 1283 587 1326 silonem,
618 1281 872 1328 quadratum:
903 1275 1046 1328 quibus
1075 1275 1213 1315 addita
1241 1277 1316 1315 fuit
1338 1276 1446 1315 haud
1471 1274 1590 1313 dubie
1615 1273 1696 1312 cal·
1763 1290 1766 1293 ·

214 1350 331 1388 vities
362 1350 555 1397 Socratis,
588 1347 709 1402 quam
737 1349 866 1387 Varro
894 1347 980 1399 ipse
1011 1352 1199 1385 Ssxmssst
1229 1348 1278 1387 fr.
1302 1355 1320 1388 1
1351 1345 1526 1396 attingit.

322 1421 469 1460 Eidem
499 1426 648 1465 autem,
682 1417 792 1455 cuius
822 1418 892 1456 illa
914 1418 964 1456 de
983 1418 1151 1457 Socrate
1173 1417 1436 1468 interrogatio
1454 1415 1543 1462 fuit,
1576 1414 1697 1452 etiam

212 1492 316 1530 haec
346 1491 474 1530 verba
498 1490 629 1529 tribuo
643 1503 651 1526 :

323 1589 345 1622 2
371 1584 456 1620 Non
475 1582 746 1619 animadvertis
763 1582 938 1625 cetarios,
957 1592 1042 1617 cum
1061 1581 1187 1616 videre
1204 1580 1331 1616 volunt
1348 1580 1386 1615 in
1405 1579 1506 1614 mari
1521 1578 1697 1621 thurinos9

211 1656 415 1692 escendere
441 1656 479 1690 in
509 1654 649 1689 malum
678 1651 764 1695 alle,
795 1655 837 1687 ut
859 1652 1014 1698 penitus
1034 1661 1110 1698 per
1134 1662 1273 1697 aquam
1287 1651 1530 1697 perspiciant
1547 1650 1700 1696 pisces?

323 1744 389 1782 De
429 1741 590 1781 cetariis
626 1753 674 1779 ac
703 1739 978 1792 θυννοσκοπίᾳ
1010 1739 1101 1777 vide
1134 1752 1239 1791 quae
1270 1737 1470 1777 Oehlerus
1501 1736 1698 1776 attulerit:

211 1815 319 1854 idem
346 1812 558 1853 <Varronis
585 1810 711 1849 verba
741 1810 793 1848 ad
813 1815 1074 1862 praeceptum
1100 1815 1262 1848 saturae
1285 1809 1521 1860 inscriptum
1538 1807 1697 1846 referri'

211 1885 335 1923 iubet.
402 1883 453 1922 Id
494 1881 603 1935 quod
647 1880 783 1932 paullo
823 1880 1050 1919 accuratius
1087 1880 1145 1918 ita
1177 1880 1347 1928 definio,
1385 1886 1429 1918 ut
1464 1879 1591 1926 idem,
1628 1877 1698 1929 qui

210 1955 328 1994 modo
367 1955 417 1994 de
458 1952 657 1993 sideribus
697 1951 996 2004 disputaverat,
1029 1964 1263 2003 superarum
1288 1963 1421 1988 rerum
1451 1946 1697 1998 contempla:
1734 1964 1737 1969 «

210 2024 361 2062 tionem
391 2024 514 2062 etiam
539 2023 593 2061 ad
622 2022 925 2075 percipiendam
956 2021 1103 2060 interni
1132 2020 1304 2060 hominis
1331 2018 1600 2070 cognitionem
1629 2030 1698 2055 ne-

212 2095 431 2133 cessariam
475 2107 566 2133 esse
613 2094 740 2133 dicat:
788 2107 868 2147 quo
915 2092 1075 2145 penitus
1113 2091 1335 2146 perspicias
1372 2089 1545 2128 hominis
1581 2094 1698 2126 natu-

212 2180 311 2213 ram,
343 2164 587 2204 evolandum
618 2178 709 2203 esse
738 2165 779 2203 in
808 2164 944 2204 sidera
973 2162 1042 2210 ait,
1074 2160 1412 2214 quemadmodum
1435 2160 1504 2212 qui
1526 2159 1699 2197 thunnos

210 2236 351 2274 videre
384 2235 547 2287 cupiant
577 2249 650 2287 per
679 2249 803 2283 mare,
836 2235 917 2274 alte
943 2235 985 2273 in
1013 2232 1142 2272 malos
1173 2231 1331 2270 soleant
1362 2231 1598 2269 escendere.

324 2297 498 2345 Peracto
537 2319 609 2357 per
644 2306 817 2345 diverbii
855 2305 1165 2345 alternationem
1194 2301 1360 2341 rationis
1389 2300 1504 2339 istius
1533 2300 1697 2352 physio-

209 2376 369 2426 logicae
399 2376 603 2423 examine,
637 2377 689 2414 ad
720 2377 892 2415 alterum
916 2389 1043 2428 genus
1072 2372 1245 2423 θεωρίας
1273 2373 1393 2423 longe
1422 2371 1492 2411 illo
1522 2373 1698 2409 fructuo-

211 2447 294 2484 sius
323 2446 517 2497 pergitur,
546 2460 625 2498 quo
650 2447 718 2498 qui
748 2447 828 2485 sint
859 2445 1079 2485 secundum
1102 2450 1290 2482 naturam
1315 2442 1488 2494 perfecti
1517 2441 1699 2494 homines

212 2516 440 2569 quaeritur,
482 2522 526 2553 ut
561 2516 614 2555 ad
646 2530 783 2555 eorum
810 2530 941 2554 mores
971 2521 1149 2554 nostram
1179 2513 1528 2552 accommodemus
1558 2512 1697 2550 vitam.

213 2587 281 2626 Sic
313 2587 419 2625 enim
450 2587 717 2626 cohaeserunt
747 2587 853 2634 olim,
884 2592 929 2623 ut
959 2586 1155 2637 suspicor,
1190 2585 1294 2623 haec
1323 2584 1571 2634 fragmenta:

327 2684 365 2718 ll
399 2679 490 2726 Aye,
519 2691 621 2716 nunc
649 2679 831 2716 contende
854 2679 1016 2714 alterum
1043 2687 1166 2724 yenus
1196 2671 1458 2726 φιλοθέωρον,
1489 2677 1625 2722 ecquid
1650 2676 1703 2711 ibi

403 2752 533 2787 videre
561 2750 608 2786 sit
637 2751 780 2787 melius.
909 2746 912 2749 ⁴
1169 2747 1173 2751 '
1610 2728 1619 2732 7

327 2833 370 2867 12
401 2829 476 2874 Qui
501 2830 575 2865 sint
605 2829 811 2865 secundum
843 2832 1023 2864 naturam
1048 2827 1216 2875 perfecti
1233 2827 1412 2871 homines,
1440 2830 1482 2869 ut
1498 2837 1573 2862 non
1591 2826 1700 2863 modo

399 2910 462 2937 eos
491 2903 715 2961 spectemus,
747 2900 816 2935 sed
843 2900 954 2934 etiam
983 2899 1182 2935 imitemur.
