1898 3236
238 277 292 318 46
808 284 1148 317 commertium.

235 391 286 429 In
313 403 391 443 quo
421 401 543 429 versu
570 403 595 429 a
622 390 792 429 metrica
819 375 975 429 ratione
1003 389 1116 429 nulla
1148 390 1337 438 offensio,
1372 392 1406 430 si
1433 391 1596 444 quidem
1619 406 1710 445 pro-

236 462 402 513 bantur,
439 473 544 513 quae
587 473 710 512 supra
746 459 796 499 de
835 460 1004 500 senariis
1042 460 1149 513 apud
1178 462 1402 501 Varronem
1439 462 1568 514 tetigi.
1625 465 1710 503 Dee

236 533 433 572 minutiva
470 530 631 582 saepius
664 528 819 568 librarii
845 529 1132 581 obscurarunt,
1168 538 1213 571 ut
1239 533 1289 571 in.
1307 533 1370 571 his
1397 534 1496 586 ipsis
1524 529 1714 589 versibus

235 606 403 643 cincinni
437 601 635 641 dederunt
658 613 730 652 pro
757 603 994 641 cincinnatis.
1053 603 1178 643 Plura
1208 603 1258 643 de
1290 604 1431 643 eodem
1461 617 1611 654 genere
1642 618 1710 644 ex-

235 678 415 726 promam
460 671 578 710 infra.
638 671 822 720 Regillum
868 675 1075 711 tuniculam
1114 673 1239 713 habet
1274 663 1444 714 alterum
1484 675 1591 727 apud
1628 676 1712 714 No-

235 746 344 784 nium
383 742 630 795 exemplum‚
670 731 786 794 quod¹
811 742 861 782 de
894 743 1067 795 Epidico
1105 743 1243 785 Plauti
1272 751 1335 785 est
1367 747 1411 785 II
1440 752 1474 794 2,
1505 752 1563 788 39.
1622 746 1713 785 Nec

236 818 448 866 distinquit,
480 826 570 853 cum
597 812 848 852 commodum
878 815 930 853 sit
955 814 1008 853 ad
1033 817 1288 865 sententiam,
1319 817 1437 855 nimis
1467 830 1504 868 av
1520 815 1712 856 librorum

237 887 435 938 scriptura
461 886 677 935 diffinyitur
706 883 911 935 (diffinyit')
943 885 1129 925 discedit.
1180 888 1261 926 Pro
1291 901 1338 926 eo
1365 871 1474 941 quod
1499 887 1569 926 alii
1597 901 1713 940 repo-

237 962 421 1003 suerunt,
451 954 519 994 vel
548 969 670 995 sensu
697 947 780 995 vel*
795 967 916 994 versu
945 955 1012 995 vel
1038 959 1207 1008 utroque
1238 943 1460 1009 1·espuitur{
1499 960 1613 998 velut
1637 960 1713 1009 dif-

232 1020 430 1077 funqitur‚
468 1017 714 1076 ἀίεείηρἰίανι
746 1039 823 1065 1100
855 1026 985 1077 ipsum
1019 1026 1217 1076 Scaligeri
1258 1029 1451 1076 diffinitur
1486 1030 1618 1069 habeo
1646 1029 1717 1083 qui

238 1098 449 1152 explicem.
515 1096 633 1148 'Quid
668 1110 765 1136 vero
806 1096 876 1134 fiat
915 1095 1117 1146 Oehlero‚
1156 1098 1223 1150 qui
1260 1099 1395 1138 versui
1430 1101 1471 1139 in
1507 1107 1622 1140 textu
1657 1102 1715 1140 ita

241 1182 454 1223 expresso:
1260 1224 1266 1229 .

438 1241 623 1291 Reyillam
650 1241 815 1276 tunicam
844 1239 1018 1286 discinqit
1043 1242 1226 1287 purpura

237 1312 342 1351 hanc
372 1310 671 1350 adnotationem
697 1308 887 1349 subiecit:
921 1309 1113 1358 ‘discingit
1134 1323 1318 1359 purpura
1351 1311 1424 1364 (=
1443 1313 1579 1364 privat
1609 1312 1651 1353 11.
1679 1327 1714 1352 0.

238 1382 439 1434 praestat)
467 1386 605 1420 nostra
635 1380 866 1418 coniectura
896 1379 987 1417 est.'
1403 1383 1413 1393 ·

313 1454 451 1493 Post
486 1457 548 1490 tot
581 1451 778 1490 minutias
807 1450 968 1488 criticas
1004 1448 1128 1488 liceat
1173 1451 1253 1491 iam
1279 1454 1409 1505 ipsum
1439 1460 1715 1506 argumentum

237 1530 400 1565 saturae
423 1528 621 1575 repetere.
663 1521 745 1561 Ubi
769 1521 890 1571 igitur
919 1505 1184 1571 ἐγκωμιαστὴς
1207 1535 1320 1562 suam
1349 1524 1460 1563 illam
1488 1525 1715 1577 111οᾶ0ὶί1111-

238 1594 370 1633 culam
410 1592 618 1639 recitavit,
675 1604 728 1630 ex
775 1591 1000 1631 auditorum
1048 1605 1197 1631 corona
1241 1593 1555 1634 obtrectatorum
1593 1610 1718 1636 voees

238 1669 460 1715 emergunt.
520 1663 588 1702 Sic
624 1662 813 1711 coniicio,
844 1662 918 1702 sed
947 1662 1189 1712 dubitanter,
1220 1676 1342 1703 unum
1378 1678 1515 1705 eorum
1542 1667 1650 1707 haec
1672 1668 1718 1706 'in

240 1741 440 1774 oratorem
463 1734 633 1773 iecisse:
679 1747 684 1752 ·

350 1807 387 1846 V
420 1805 479 1857 (1)
528 1806 600 1842 Illc
635 1805 714 1841 ales
749 1805 892 1852 yantas,
933 1790 1005 1852 qni·
1033 1806 1242 1843 suscitabat
1279 1807 1491 1846 Atticarum
1521 1821 1717 1848 musarum

413 1892 415 1895 ’
439 1879 659 1924 scriptores,
689 1887 740 1912 an
769 1862 926 1923 1110ᾳαί
952 1871 1104 1924 y‘reyem
1133 1876 1384 1914 rabularum?

238 1949 396 2000 Nempe
431 1947 604 1986 for-tasse
644 1938 911 1997 ἐγκωμιαστής
949 1945 1216 1985 iactabundus
1252 1961 1296 1986 se
1329 1931 1497 1998 gallum,
1520 1956 1719 1990 oratorum

237 2022 460 2058 vocaverat
488 2018 529 2056 in
558 2017 784 2068 prooemio,
815 2015 1153 2069 quemadmodum
1180 2019 1355 2057 musicus
1384 2020 1424 2057 in
1454 2026 1593 2060 satura
1626 2026 1718 2059 onoc
1747 2012 1750 2014 Α

238 2094 358 2126 Amo
398 2101 442 2127 se
466 2088 727 2126 'cantantium
767 2085 868 2125 dixit
905 2085 1055 2136 gallum
1084 2087 1369 2138 gallinaceum.
1404 2090 1485 2129 'Ut
1509 2091 1605 2130 inde
1632 2098 1720 2131 orta

239 2159 291 2197 sit
318 2159 457 2197 iocosa
486 2157 769 2197 obtrectatoris
806 2155 974 2195 alicuius
994 2157 1287 2209 interrogatio,
1323 2166 1455 2198 utrum
1486 2161 1556 2200 ille
1585 2162 1719 2213 gallus

240 2229 313 2277 sit,
354 2242 378 2267 a
404 2228 638 2281 quo-Attici
667 2229 883 2280 scriptores
911 2229 1096 2267 suscitati
1121 2229 1212 2277 sint,
1251 2243 1304 2269 an
1331 2231 1396 2270 hic
1420 2232 1489 2284 qui
1515 2222 1719 2272 concitare
1742 2281 1747 2286 ι

239 2299 468 2338 rabulamm
510 2312 676 2351 gregem
710 2299 989 2342 consueverit.
1038 2298 1121 2338 Sed
1156 2299 1260 2339 haec
1294 2307 1338 2340 ut
1374 2316 1456 2341 non
1491 2316 1564 2360 pro
1597 2305 1719 2343 certis

239 2369 427 2417 vendito,
466 2370 522 2407 ita
547 2370 717 2417 1101111111,
756 2370 915 2421 opinor,
949 2368 1116 2408 Oehleri
1145 2373 1348 2411 sententia.
1374 2373 1566 2425 placebit.
1625 2374 1718 2413 Hoc

240 2439 347 2478 addo
386 2444 496 2478 recte
532 2440 759 2488 Mercerum
791 2443 858 2487 qui
889 2452 1041 2489 yrcyem
1072 2443 1305 2494 scripsisse:
1350 2456 1439 2481 cum
1468 2444 1650 2491 inlibris
1678 2459 1718 2497 p.

240 2517 297 2558 26,
327 2517 371 2551 21
402 2511 454 2549 sit
481 2513 590 2559 quia,
626 2508 801 2548 Oehlero
827 2510 1058 2562 probatum:
1097 2512 1230 2552 eidem
1258 2514 1443 2553 Mercero
1471 2514 1641 2555 debetur
1665 2517 1721 2554 at-

240 2585 426 2620 tiearum:
472 2581 634 2620 codices
664 2582 876 2627 aitharum,
907 2581 1059 2621 Aldina
1088 2586 1142 2623 ait
1169 2586 1321 2631 harum,
1338 2585 1391 2623 ·111
1422 2597 1500 2636 quo
1530 2571 1624 2634 0111,
1650 2586 1719 2638 qui

232 2652 474 2702 'germanam
506 2652 745 2703 scripturam
780 2658 987 2702 agnoscat.
1047 2653 1237 2708 Denique
1275 2657 1354 2694 nisi
1383 2669 1447 2694 me
1474 2655 1623 2725 fallunt
1649 2668 1717 2693 au-

241 2735 307 2762 res
332 2723 486 2762 numeri
508 2723 662 2761 insunt:

1037 2797 1109 2839 ‚ille
1139 2798 1219 2836 ales
1240 2796 1373 2845 ’ράῖῖαε

446 2865 520 2910 Qui
545 2865 754 2902 suscitabat
782 2849 997 2902 A'tticarum
1026 2867 1223 2918 mgisarum
1252 2866 1462 2913 scriptdres

445 2937 504 2972 An
529 2935 592 2972 hic
622 2937 688 2983 qui
715 2937 941 2974 rabularnzm
966 2948 1132 2984 yreyem.

1872 111 1898 151 Η,
