1898 3236
753 275 1096 311 commeritum.
1617 267 1664 309 51

180 386 368 433 palmam,
416 383 574 432 confert
609 397 714 438 qnae
753 371 917 424 diversa
954 389 1068 432 sunt,
1107 395 1358 438 quorumque
1393 382 1672 422 diversitatem

181 457 269 508 ipse
307 456 464 494 Nonius
502 455 822 506 significaverat,
857 461 954 493 'cum
992 469 1033 508 p.
1063 461 1152 504 374,
1194 461 1240 497 13
1274 454 1336 494 illi
1375 452 1561 505 exemplo
1593 453 1671 492 hoc

181 527 329 566 lemma
347 537 509 575 poscere
538 528 728 575 siqnificai
749 532 898 575 petere,
928 526 1021 565 huic
1049 538 1147 565 vero
1174 536 1336 582 poscere
1358 527 1536 574 accipere
1553 538 1671 577 prae-

182 598 371 636 misisset.
420 596 538 648 Quae
561 596 658 636 licet
684 597 810 636 mirae
841 598 922 636 sint
952 596 1260 649 explicationes,
1291 596 1372 635 vim
1394 600 1530 634 tamen
1555 595 1672 635 verbi

182 655 394 719 utrobique
424 666 582 706 Nonius
612 675 724 707 recte
749 667 898 719 tetigit.

295 736 499 776 Conclusa
538 738 610 776 illa
646 735 826 786 ἐπιδείξει
866 736 1130 777 interlocutor
1169 751 1259 776 eam
1288 751 1446 777 omnem
1472 724 1671 777 rationem

183 808 414 847 examinare
442 809 604 861 incipit:
633 809 735 848 nihil
766 823 857 849 esse
887 809 1060 848 scrutari
1084 808 1188 848 caeli
1218 809 1376 861 plagas,
1409 813 1450 847 et
1474 821 1535 857 ea,
1566 821 1671 862 quae

175 879 310 932 *cuivis
333 879 519 930 proxima
547 881 647 928 sint,
673 880 905 932 neglegere.
965 880 1017 919 In
1044 892 1123 932 quo
1147 879 1327 919 Socratis
1356 877 1520 918 videtur
1548 884 1671 918 attes-

181 954 289 988 tatus
327 942 610 989 auctoritatem
650 963 761 999 esse,
783 952 893 1004 .qui,
932 956 977 989 ut
1009 950 1155 990 Cicero
1187 950 1264 998 ait,
1312 950 1464 1001 primus
1495 963 1520 988 a
1549 948 1671 988 rebus

182 1021 352 1060 occultis
392 1026 433 1060 et
466 1020 517 1059 ab
554 1022 646 1074 ipsa
683 1026 828 1060 natura
865 1021 1058 1061 involutis
1089 1020 1278 1059 avocavit
1304 1020 1603 1072 philosophiam
1633 1026 1673 1059 et

183 1091 235 1130 ad
265 1093 389 1131 vitam
418 1105 668 1131 communem
700 1091 883 1132 adduxit.
945 1092 1007 1132 Of.
1045 1090 1230 1130 Platonis
1260 1091 1474 1130 Phaedrus
1502 1105 1542 1144 p.
1568 1098 1637 1133 229
1657 1092 1678 1129 f

184 1168 224 1201 et
253 1163 541 1215 Xenophontis
569 1177 711 1204 comm.
739 1164 802 1203 IV
822 1169 857 1212 2,
887 1169 946 1204 24.
1004 1161 1108 1201 Inde
1138 1155 1244 1200 enim
1270 1162 1433 1202 videtur
1464 1169 1552 1202 orta
1581 1176 1674 1202 esse

182 1233 442 1285 interrogatio
469 1233 708 1283 adversarii,
738 1235 892 1274 ironiae
924 1232 1060 1272 colore
1090 1233 1238 1271 tincta:

296 1331 314 1364 1
374 1326 507 1363 Nonne
536 1327 723 1365 hominem
750 1327 924 1364 scribunt
952 1335 1033 1362 esse
1063 1325 1277 1373 qrandibus
1307 1327 1541 1373 superciliis,
1586 1328 1674 1364 silo-

239 1407 344 1442 nem,
376 1398 621 1445 quadratum,
653 1400 755 1447 quod
784 1398 935 1435 Silenus
964 1396 1124 1433 hirsutis
1153 1398 1371 1443 superciliis
1397 1399 1639 1446 fiuyerelur?

184 1485 341 1537 Quibus
357 1487 560 1525 neminem
574 1488 654 1526 nisi
672 1487 883 1527 Socratem
901 1485 1119 1536 designari,
1138 1484 1675 1529 TiberiusHemsterhusius

183 1558 393 1609 perspexit
423 1557 474 1596 ad
503 1557 677 1597 Luciani
706 1558 890 1609 dialogos
920 1562 1166 1596 mortuorum
1191 1556 1278 1595 XX
1299 1563 1334 1604 4,
1367 1557 1491 1596 allato
1519 1558 1674 1596 scholio

147 1654 149 1657 .
182 1627 225 1666 in
260 1626 548 1680 Aristophanis
578 1627 745 1668 nubium
775 1645 813 1669 v.
846 1635 915 1671 223
941 1625 1090 1682 ἐλέγετο
1119 1626 1162 1667 δὲ
1188 1620 1209 1667 ὃ
1237 1622 1452 1680 Σωκράτης
1475 1621 1548 1678 τὴν
1577 1623 1676 1678 ὄψιν

185 1697 367 1753 Σειληνῷ
394 1699 706 1750 παρεμφαίνειν·
740 1694 853 1750 σιμός
874 1713 914 1738 τε
934 1692 1009 1753 γὰρ
1032 1698 1101 1739 καὶ
1129 1691 1335 1752 φαλακρὸς
1364 1687 1428 1749 ἦν.
1486 1699 1550 1741 Cf.
1579 1700 1675 1740 Pla-

183 1770 289 1808 tonis
328 1771 557 1810 convivium
592 1785 633 1824 p.
672 1770 775 1813 215b
822 1779 912 1810 cum
950 1771 1209 1810 Stallbaumii
1245 1769 1520 1809 adnotatione.
1593 1771 1677 1810 Sed

184 1840 235 1879 de
276 1841 477 1894 scriptura
519 1843 606 1882 eius
645 1842 861 1894 fragmenti
899 1842 1040 1882 oborta
1078 1843 1176 1883 mihi
1206 1841 1404 1881 dubitatio
1433 1847 1507 1881 est.
1566 1841 1676 1880 Illud

182 1911 471 1961 leviusculum,
512 1913 619 1966 quod
648 1913 690 1952 in
713 1913 836 1953 Nonii
865 1913 979 1953 libris
1008 1928 1048 1967 p.
1078 1921 1145 1963 25,
1177 1919 1224 1955 23
1260 1926 1337 1952 non
1364 1927 1482 1953 unum
1512 1913 1675 1965 legitur,

183 1981 234 2024 ab
263 1982 441 2023 Oehlero
470 1983 735 2036 probabiliter
764 1984 806 2023 in
835 1986 1022 2024 hominem
1044 1991 1290 2024 correctum:
1324 1984 1456 2036 possis
1482 1985 1602 2022 etiam
1626 1983 1677 2022 de

182 2055 345 2092 homullo
377 2055 578 2105 cogitare,
618 2069 723 2109 quae
754 2055 884 2094 forma
914 2056 1077 2108 saepius
1107 2057 1150 2095 in
1179 2055 1242 2094 his
1274 2055 1458 2108 reliquiis
1489 2055 1675 2093 occurrit.

182 2126 315 2176 Magis
346 2125 496 2165 haereo
527 2127 570 2165 in
598 2127 741 2175 Nonii,
783 2126 891 2180 quod
922 2127 1060 2167 verbis
1090 2126 1286 2167 Varronis
1316 2126 1547 2179 praemisit,
1577 2126 1675 2164 lem-
1744 2168 1749 2173 ,

182 2201 310 2235 mate:
346 2197 516 2235 ‘silones'
534 2200 752 2246 superciliis
775 2200 1080 2248 prominentibus
1108 2200 1218 2244 dicti,
1249 2199 1526 2246 siqnifi'cutione
1555 2199 1678 2235 mani—

179 2269 295 2317 festa.
319 2267 395 2307 Cui
414 2268 676 2320 explicationi
693 2283 784 2308 cum
803 2268 908 2307 obsit
922 2269 1094 2307 testium·
1107 2267 1277 2306 aliorum
1296 2280 1531 2315 consensus,
1549 2270 1619 2306 silo
1638 2273 1678 2306 et

181 2342 276 2387 silus
304 2353 428 2378 voces
446 2353 527 2377 non
546 2338 697 2378 distare
715 2353 740 2378 a
754 2352 902 2390 graeco
922 2331 1034 2390 σιμός
1052 2337 1120 2390 (cf.
1138 2340 1288 2378 Festus
1305 2352 1346 2390 p.
1363 2344 1433 2380 340
1447 2337 1504 2387 M.
1521 2338 1678 2377 Plinius

183 2410 248 2448 XI
265 2405 295 2459 ξ
312 2410 410 2462 158),
436 2415 519 2448 111111
536 2423 588 2449 116
606 2411 851 2462 suffragatur
868 2409 1031 2463 quidem
1047 2410 1243 2450 Varronis
1264 2409 1507 2462 exemplum,
1538 2411 1580 2448 in
1597 2423 1677 2463 quo

185 2480 293 2532 quod
322 2481 434 2519 iuxta
461 2485 664 2533 ponuntur
691 2484 906 2531 yramlibus
935 2483 1154 2530 superciliis
1183 2487 1224 2520 et
1248 2464 1423 2528 silonem,
1451 2480 1590 2534 dispar
1619 2481 1676 2520 lo·

185 2551 389 2590 cutionum
416 2551 526 2590 notio
552 2551 755 2603 proditur:
783 2557 828 2591 ut
856 2553 897 2591 in
928 2552 1065 2592 Plauti
1097 2552 1287 2592 Rudente
1316 2558 1383 2595 317
1410 2553 1473 2602 (ΙΙ
1498 2559 1533 2602 2,
1564 2553 1646 2606 12):

1282 2619 1452 2682 Ecquem

387 2701 590 2741 Recdtvom
622 2715 668 2740 ac
694 2703 851 2741 silone'm
881 2713 1029 2750 senem,
1057 2706 1260 2757 statutum,
1288 2706 1533 2749 nemausum,

391 2773 518 2811 Torlis
542 2773 773 2821 superciliis,
799 2779 998 2812 contracta
1024 2775 1170 2824 fronte,
1197 2776 1519 2825 fraudulentum?

186 2862 243 2901 At
271 2876 370 2902 vero
392 2864 526 2903 Varro.
543 2863 642 2916 ipse,
671 2863 814 2917 inquit,
846 2863 986 2903 silonis
1006 2864 1089 2904 vim
1106 2879 1209 2915 eam,
1241 2878 1362 2919 quam
1381 2865 1538 2904 Nonius
1558 2877 1673 2904 secu·

183 2941 248 2973 tus
278 2941 361 2984 est,
399 2935 549 2974 additis
583 2938 685 2983 quod
713 2936 865 2974 Silenus
887 2937 1046 2975 hirsutis
1072 2939 1290 2986 superciliis
1312 2938 1527 2985 finqeretur
1553 2935 1674 2986 signi·

1346 3004 1403 3042 4*
