1898 3236
782 260 1128 293 coum-omnm.
1251 271 1253 273 ·
1623 256 1703 296 165

209 375 252 418 4,
281 375 316 409 2.
352 374 396 417 6,
429 375 462 409 l.
499 373 543 417 7,
579 373 614 408 2.
674 368 740 407 De
777 366 883 406 cella
918 367 1078 406 vinaria
1111 367 1194 407 vid.
1231 367 1442 408 Vitruvius
1470 368 1493 407 I
1522 374 1565 416 4,
1594 375 1618 409 2
1648 370 1701 409 al.

211 441 340 480 Varro
370 453 504 479 rerum
527 439 769 478 rusticarum
792 439 815 477 I
847 445 905 487 ll,
927 445 962 479 2.
996 445 1052 487 13,
1082 446 1113 480 1.
1136 445 1170 480 6.
1193 445 1215 481 7
1241 439 1295 479 al.

321 520 411 559 Nec
442 519 590 558 certius
616 517 714 556 mihi
743 522 901 556 constat
931 517 983 556 de
1013 517 1112 557 sede
1136 517 1327 558 alterius:

321 621 470 661 XXIV
501 619 556 673 (8)
588 622 698 659 Haec
726 622 853 658 Numa
884 621 1096 668 Pompilius
1121 622 1213 669 fieri
1238 622 1274 658 si
1301 622 1458 666 viderit,
1494 624 1587 660 sciet
1613 634 1700 661 suo-

207 706 294 732 rum
321 695 579 731 institutorum
607 703 677 730 nec
705 694 826 730 volam
857 704 928 754 nee
953 695 1148 742 vestiyium
1179 703 1388 740 apparere.

319 796 431 833 Haec
469 794 576 845 enim
612 807 692 847 quo
723 782 898 832 maxime
927 793 1149 839 referatur,
1204 806 1294 831 cum
1324 792 1443 846 plura
1474 795 1699 846 excogitari

205 867 377 919 possint,
409 878 490 904 non
521 864 676 903 dirimo.

317 936 388 974 Bis
418 936 462 974 in
487 935 566 974 hac
599 939 738 973 satura
767 934 809 972 in
838 934 1103 973 restituendis
1131 935 1291 986 graecis
1320 933 1490 973 vocibus
1513 934 1698 974 elabora-

203 1007 347 1046 vimus.
406 1005 567 1045 Licebit
599 1006 676 1044 hoc
710 1005 802 1044 1000
839 1004 921 1043 illis
960 1002 1144 1043 tertium‘
1163 1019 1214 1045 ex
1251 1006 1332 1045 alia
1361 1011 1499 1044 satura
1528 1007 1699 1058 petitum

204 1076 434 1130 exemplum
477 1077 681 1126 adiicere,
722 1077 835 1115 cuius
880 1076 979 1115 mihi
1014 1077 1106 1116 visa
1135 1082 1197 1116 est
1225 1078 1438 1131 integritas
1469 1090 1494 1115 a
1521 1079 1696 1117 resusci-

202 1148 326 1187 tando
371 1161 519 1199 graeco
565 1147 766 1187 vocabulo
804 1147 999 1200 pendere.
1065 1149 1358 1200 Fragmentum
1398 1148 1571 1200 primum
1610 1149 1696 1187 eius

204 1225 387 1268 saturae,
425 1219 490 1257 cui
516 1218 748 1258 inscribitur
778 1225 924 1258 Muwnm
949 1224 1037 1256 Mum
1063 1223 1217 1257 Scantin
1241 1224 1334 1257 Περι
1361 1224 1552 1256 mecmor
1573 1219 1698 1258 Nonii

204 1290 453 1342 exemplaria
479 1304 520 1342 p.
549 1297 628 1338 115,
660 1296 707 1331 20
742 1292 799 1330 ita
822 1292 1106 1345 perscribunt:
1136 1291 1397 1331 ‘Glaratores’
1427 1286 1517 1328 subt
1546 1293 1695 1329 coloba-

150 1350 181 1375 ⁶
202 1365 391 1404 thatrari:
415 1364 575 1412 9ralare
604 1365 702 1400 enim
732 1370 822 1402 sunt
845 1355 986 1413 fustes,
1017 1367 1085 1412 qui
1113 1367 1328 1402 mittuntur.
1389 1363 1515 1400 Varro
1544 1363 1695 1400 Mutum

201 1437 295 1472 muli
321 1436 513 1479 scalvunt,
542 1427 684 1483 yraeee
713 1432 802 1486 περὶ
833 1429 1080 1487 ἆτωρισμουτ
1105 1437 1325 1484 ylaratores
1351 1436 1419 1482 qui
1445 1436 1692 1482 yradiuntur,

195 1508 371 1555 perticae
399 1511 490 1543 sunt
517 1507 620 1554 liyna
647 1506 877 1554 efynareino
901 1509 952 1545 let
982 1509 1028 1545 ab
1056 1508 1206 1544 homine
1235 1516 1299 1550 eo,
1345 1507 1412 1553 qui
1437 1507 1588 1551 inistat,
1626 1518 1695 1543 an-

199 1579 393 1626 9itantur,
431 1578 487 1613 sic
515 1578 677 1614 ilianimi
706 1580 831 1615 nostri
865 1583 956 1615 sunt
983 1580 1139 1626 yaleae,
1184 1587 1306 1613 crura
1337 1587 1384 1613 ac
1407 1579 1530 1624 pedes
1558 1562 1701 1622 nostris

201 1645 545 1696 εεείανθκείνητοι,
599 1650 669 1685 sed
712 1650 758 1685 ab
803 1651 929 1686 animo
980 1653 1189 1686 moventur.
1259 1645 1473 1697 Quaedam
1511 1652 1695 1686 correcta

201 1718 295 1757 olim
332 1717 375 1755 in
412 1717 590 1769 antiquis
631 1717 898 1757 editionibus:
944 1714 1002 1758 s'ic
1032 1721 1266 1768 yrallatores
1295 1722 1336 1755 et
1365 1717 1407 1755 in
1431 1716 1623 1756 lemmate
1654 1723 1695 1756 et

201 1790 243 1828 in
271 1788 363 1827 1000
391 1787 605 1827 Varronis:
637 1788 733 1827 item
763 1789 978 1843 utrobique
1007 1792 1180 1840 yrallae:
1211 1802 1330 1840 porro
1362 1790 1448 1838 quis
1475 1791 1694 1826 innituntur

201 1865 243 1898 et
275 1861 361 1908 quis
393 1861 648 1908 yradiuntur:
693 1858 870 1914 denique
900 1860 1075 1900 indicem
1104 1859 1301 1899 Varronis
1326 1861 1610 1909 restituerunt,
1648 1867 1694 1899 ut

199 1941 322 1980 supra
344 1928 501 1980 scripsi.
545 1929 726 1982 Reliqua
753 1931 989 1983 singulatim
1020 1930 1296 1983 expendenda
1323 1937 1429 1970 sunt.
1478 1930 1692 1970 Sententia

198 2000 320 2039 totius
348 1999 431 2038 loci
463 1999 585 2038 etiam
614 2013 688 2051 per
713 2001 903 2040 tenebras
935 2001 1168 2054 dispicitur:
1202 2015 1320 2040 crura
1341 2015 1389 2055 ac
1410 2001 1539 2054 pedes
1563 2003 1692 2041 nostri

198 2071 459 2110 conferuntur
490 2083 580 2108 cum
609 2071 772 2122 grallis,
813 2085 982 2125 quorum
1005 2078 1178 2125 utraque
1207 2085 1281 2124 per
1309 2077 1353 2111 se
1386 2079 1527 2111 carent
1556 2078 1688 2112 motu:

127 2161 135 2166 -
197 2140 271 2180 sed
307 2146 365 2198 ut·
388 2140 545 2192 grallae
584 2140 634 2179 ab
670 2140 833 2181 homine
873 2144 943 2196 qui
979 2143 1104 2182 instat
1127 2127 1361 2191 moventur,
1402 2144 1461 2181 ita
1493 2157 1610 2182 crura
1641 2157 1690 2183 ac

196 2210 347 2262 pedes,
375 2223 482 2263 quae
512 2216 717 2264 tamquam
745 2204 869 2252 animi
899 2219 991 2253 sunt
1019 2214 1188 2265 grallae,
1220 2215 1270 2253 ab
1300 2215 1434 2253 animo
1463 2220 1690 2253 moventur.

197 2282 342 2332 Itaque
375 2285 488 2319 recte
518 2281 692 2321 Rothius
721 2282 879 2323 initium
910 2279 1127 2337 fragmenti
1157 2287 1216 2325 sic
1247 2286 1476 2325 constituit:
1514 2292 1556 2324 ut
1583 2289 1689 2335 yral-

196 2356 340 2390 latores
381 2353 468 2400 quis
497 2355 732 2401 yradiuntur
763 2358 960 2403 perticae,
1003 2356 1148 2410 quibus
1175 2356 1443 2409 respondent:
1487 2361 1543 2397 sic
1571 2362 1690 2397 animi

197 2424 321 2461 nostri
347 2424 508 2470 grallae.
567 2423 633 2462 De
672 2425 839 2476 perticis
874 2431 1011 2466 autem
1048 2440 1152 2479 quae
1186 2428 1476 2481 praedicantur
1505 2430 1687 2481 graviter

198 2491 424 2542 depravata
448 2499 553 2533 sunt.
614 2494 741 2544 Libri,
779 2501 824 2534 ut
853 2508 976 2549 supra
1004 2499 1168 2550 scripsi,
1205 2506 1295 2538 sunt
1321 2503 1426 2550 liqna
1455 2502 1686 2550 efynareino

199 2565 250 2624 let
278 2565 325 2601 ab
344 2565 506 2610 homine,
531 2565 616 2604 ‘nisi
637 2565 746 2619 quod
762 2566 1166 2609 Wolfenbuttelanus
1185 2573 1285 2620 liyne
1301 2574 1507 2620 finareino,
1539 2576 1685 2622 liyneae

193 2637 382 2682 finaremo
412 2649 486 2675 ms.
510 2635 629 2685 Iunii,
657 2651 763 2690 quae
794 2638 938 2678 eodem
966 2638 1152 2679 redeunt.
1214 2640 1335 2680 Unde
1366 2657 1471 2695 quae
1503 2643 1685 2683 Muretus

197 2705 302 2744 eruit
333 2711 423 2744 sunt
459 2709 605 2756 liyneae
640 2710 722 2746 sine
752 2712 898 2755 animo,
935 2713 1004 2748 sed
1030 2713 1077 2749 ab
1107 2713 1267 2757 homine,
1297 2711 1338 2749 in
1370 2713 1428 2751 eis
1457 2716 1526 2751 sed
1557 2714 1684 2765 probe

194 2777 424 2815 restitutum
463 2782 543 2816 est:
583 2777 744 2831 reliqua
779 2792 856 2818 1100
890 2782 1114 2820 mutatione
1152 2793 1230 2819 1100
1268 2783 1472 2821 sententia
1511 2783 1684 2835 proban-

194 2852 279 2895 tur,
326 2860 463 2900 neque
490 2848 687 2888 feliciora
722 2855 815 2889 sunt
851 2849 920 2889 vel
962 2851 1158 2890 Palmerii
1200 2858 1289 2889 sunt
1318 2855 1466 2902 ligneae
1493 2857 1532 2892 in
1563 2867 1703 2904 arene

194 2923 231 2956 et
271 2921 317 2956 ab
354 2920 391 2957 h.
439 2919 508 2958 vel
550 2919 717 2960 Oehleri
758 2921 847 2960 fere
886 2921 1088 2962 Muretum
1134 2925 1343 2975 sequentis
1382 2931 1472 2962 sunt
1507 2927 1611 2974 liqna
1649 2933 1686 2964 et
