1898 3236
802 243 1127 276 CONIECTANEA
1134 265 1142 274 .
1666 233 1720 275 99

231 356 453 407 tetigerim,
484 360 727 407 postremum
751 351 830 391 sibi
857 351 898 389 in
919 350 996 389 hac
1018 355 1156 388 satura
1176 349 1310 388 locum
1331 355 1575 400 exposcunt,
1601 362 1721 400 quam

228 427 431 478 incepisse
470 426 697 478 putaverim
735 422 786 472 ab
824 422 897 462 illa
937 421 988 460 de
1025 421 1181 460 musica
1212 433 1260 458 ac
1286 419 1401 471 poesi
1432 417 1721 470 disputatione.

229 499 295 535 De
344 511 425 550 qua
459 496 636 534 dixerint
677 494 847 533 forsitan
890 484 1098 530 nonnulli:
1164 489 1275 542 Quid
1313 489 1430 528 nobis
1467 489 1634 539 negotii,
1661 492 1723 526 est

230 581 319 606 cum
350 567 436 606 istis
466 565 747 618 nugatoribus:
785 577 857 602 nos
892 563 1006 601 iuvat
1033 562 1075 600 in
1106 562 1213 600 silva
1240 561 1380 612 vagari
1411 565 1612 598 venantes
1653 564 1723 596 aut

230 637 516 676 certaminibus
544 635 724 674 membra
754 635 940 689 fatigare:
987 631 1108 684 Quae
1136 631 1334 684 deinceps
1366 636 1540 682 excepta
1570 629 1722 668 fuerint

229 707 280 746 ab
310 708 398 745 istis
424 706 474 744 de
494 707 713 745 venatione
738 705 872 758 deque
898 705 1029 744 silvae
1056 702 1265 742 decisione
1286 714 1334 754 ac
1364 700 1586 739 certamine
1609 713 1722 752 gym-

228 777 382 815 nastico
405 777 607 829 reliquiae
636 776 704 829 (fr.
739 784 770 817 1.
800 781 834 817 7.
866 782 938 817 3-2.
974 781 1009 815 4.
1041 782 1072 815 5.
1101 780 1134 815 6.
1168 780 1200 815 9.
1233 773 1288 824 8).
1335 771 1498 811 Adiicio
1530 769 1721 822 denique,

227 861 279 898 ne
307 847 432 885 ullum
464 847 583 885 huius
612 852 774 885 saturae
805 847 1075 898 fragmentum
1102 846 1299 884 intactum
1327 844 1602 893 relinquatur,
1632 840 1721 892 pul-

227 918 364 956 chrum
394 918 748 969 Aristophanium,
779 930 901 970 quem
926 921 1020 972 post
1049 915 1300 965 Meinekium
1335 913 1487 953 rectius
1515 912 1722 950 constituit

226 988 514 1028 Lachmannus
543 988 595 1027 ad
620 989 803 1027 Lucretii
838 988 899 1026 [II
927 976 1016 1028 908.

341 1086 385 1121 13
413 1079 566 1118 Deme'tis
593 1083 694 1118 acris
716 1061 870 1128 pec-isira
897 1089 1012 1116 curas
1039 1078 1153 1114 cantii
1180 1081 1355 1124 castaque
1376 1068 1490 1123 ροέει·

229 1171 316 1209 sive
347 1184 420 1222 pro
450 1182 564 1209 curas
591 1171 722 1209 mavis
748 1172 887 1217 luctus,
919 1167 1026 1221 quod
1057 1174 1119 1206 est
1149 1165 1257 1218 apud
1281 1165 1459 1203 Nonium
1486 1177 1524 1215 p.
1554 1170 1634 1212 257,
1666 1171 1720 1205 13.

230 1242 307 1282 Cui
337 1242 568 1281 sententiae
598 1240 699 1279 licet
725 1240 863 1293 aliquo
894 1239 1012 1278 modo
1039 1238 1202 1277 Horatii
1242 1249 1384 1276 versus
1424 1242 1498 1277 sat.
1534 1236 1554 1273 I
1581 1242 1623 1283 2,
1655 1243 1724 1276 110

229 1314 437 1352 conferre:

377 1426 383 1428 -
429 1406 582 1442 Hire-ine
606 1405 798 1451 versiculis
826 1413 961 1449 speras
978 1403 1054 1438 ‘tibi
1074 1411 1188 1448 posse
1211 1401 1356 1437 dolores

430 1478 547 1523 Atque
575 1480 698 1512 aestus
721 1484 908 1521 curasque
933 1475 1060 1521 yravis
1081 1483 1102 1508 e
1126 1477 1277 1519 pectore
1303 1472 1403 1508 tolli?

229 1564 312 1603 Sed
345 1564 395 1602 de
427 1563 524 1602 sede
555 1577 604 1601 ac
633 1576 745 1601 nexu
775 1563 863 1601 eius
892 1561 1108 1613 fragmenti
1137 1560 1239 1598 nihil
1259 1559 1472 1611 probabile
1503 1559 1720 1611 exputavi:

227 1641 273 1674 ut
300 1635 379 1673 hac
409 1634 516 1672 omni
554 1633 605 1672 de
634 1637 847 1670 PAnussNouE
877 1633 1151 1685 disputatione
1181 1630 1312 1682 magis
1347 1631 1507 1668 secrevi
1541 1630 1723 1668 diversas

229 1706 521 1743 sententiarum
559 1703 960 1754 comprehensiones,
1004 1716 1127 1755 quam
1165 1702 1249 1741 suis
1282 1702 1545 1753 compagibus
1579 1702 1723 1740 luxata

229 1776 408 1815 membra
435 1789 574 1814 rursus
606 1780 797 1826 coaptare
825 1776 1006 1826 contigit.
1061 1773 1139 1812 Cui
1167 1773 1370 1811 conamini
1401 1785 1490 1810 cum
1519 1773 1610 1824 ipsa
1629 1771 1722 1810 reli-

229 1849 413 1900 quiarum
453 1845 638 1885 condicio
675 1851 759 1885 tum
794 1847 970 1885 maxime
1007 1858 1172 1898 prorsus
1211 1844 1382 1883 obscura
1411 1843 1509 1881 mihi
1538 1843 1723 1894 inscripti

229 1920 402 1959 nominis
430 1919 534 1958 ratio
567 1917 719 1956 obfuit:
751 1931 845 1956 nam
876 1916 1044 1956 Oehleri
1074 1921 1321 1964 commento,
1353 1915 1423 1967 qui
1456 1914 1723 1952 Parmenonis

227 2004 374 2030 nomen
402 1989 562 2029 Graeco
584 1989 797 2041 proverbio
829 1976 873 2025 εὖ
897 1985 982 2037 μέν,
1014 1979 1101 2024 ἀλλ’
1129 1981 1248 2025 οὐδὲν
1273 1978 1373 2033 πρὸς
1393 1978 1465 2035 τὴν
1491 1982 1721 2034 Παρμένον-

229 2074 294 2107 τος
317 2049 368 2098 viv
393 2061 596 2099 illustrare
627 2059 783 2107 studet,
813 2059 915 2097 nihil
946 2058 996 2096 ad
1027 2059 1132 2097 hanc
1159 2055 1243 2096 reni
1275 2057 1496 2109 proficitur.
