1898 3236
918 815 968 868 V

322 949 467 1001 Itaque
498 961 570 998 per
600 953 840 985 mammosam
870 947 1163 1001 pedetemptim
1193 962 1217 987 a
1242 962 1286 988 re
1307 950 1477 988 metrica
1506 949 1558 988 ad
1579 963 1695 989 enar-

209 1019 337 1057 randa
366 1025 592 1057 saturarum
625 1026 862 1071 argumenta
892 1033 1027 1060 rursus
1064 1019 1190 1058 delati
1220 1033 1368 1059 sumus.
1421 1020 1560 1072 Atque
1587 1034 1695 1058 nunc

769 1108 1122 1150 SESQUIULIXES

164 1179 171 1185 ⁹
207 1188 323 1226 uobis
356 1186 406 1226 ad
437 1193 574 1239 partes
602 1194 781 1227 vocatur.
842 1188 966 1228 Cuius
998 1195 1158 1228 saturae
1190 1202 1278 1226 cum
1302 1188 1514 1239 Roeperus
1553 1187 1694 1226 dedita

210 1271 334 1310 opera
363 1270 499 1295 omnes
529 1258 725 1311 reliquias
753 1261 937 1300 versibus
968 1259 1233 1314 describeret,
1263 1263 1543 1309 argumentum
1571 1264 1612 1296 et
1633 1272 1693 1296 or-

207 1329 342 1367 dinem
374 1329 685 1379 fragmentorum
710 1329 795 1368 fere
823 1345 904 1369 non
934 1331 1088 1382 tetigit,
1116 1331 1193 1369 nisi
1220 1329 1328 1382 quod
1348 1341 1400 1368 ne
1430 1328 1507 1366 sibi
1529 1327 1694 1381 quidem

207 1412 295 1436 eam
326 1398 665 1448 distributionem,
697 1414 816 1452 quam
845 1400 1045 1440 Oehlerus
1075 1406 1247 1447 secutus>
1267 1405 1347 1449 est,
1378 1398 1540 1451 probari
1569 1399 1692 1450 signi·

206 1470 311 1507 ficat.
344 1469 391 1506 In
420 1469 697 1508 examinanda
722 1477 855 1510 autem
884 1464 1131 1522 singulorum
1155 1471 1470 1522 fragmentorum
1493 1470 1693 1521 scriptura.

206 1538 323 1585 mihi,
352 1551 441 1576 cum
467 1540 604 1592 copias
628 1541 804 1592 Roeperi
825 1541 948 1580 nolim
975 1547 1184 1594 repetere,
1215 1539 1391 1578 breviori
1419 1552 1508 1578 esse
1539 1539 1692 1577 licebit.

205 1607 450 1666 Exordimur
482 1609 532 1646 ab
562 1611 845 1663 inscriptione,
878 1625 998 1664 quam
1026 1612 1185 1650 Plinius
1214 1610 1468 1662 praefatione
1495 1608 1547 1647 ad
1575 1615 1691 1648 natu-

205 1679 331 1716 ralem
355 1678 560 1716 historiam
584 1681 688 1719 inter
711 1683 865 1720 iocosos
890 1682 1084 1720 Varronis
1103 1682 1242 1720 titulos
1263 1680 1400 1719 refert.
1430 1679 1521 1717 Hoc
1544 1693 1691 1718 nomen

205 1755 359 1796 autem,
411 1749 518 1800 quod
558 1756 720 1789 saturae
758 1752 983 1802 praefixum
1024 1758 1103 1800 est,
1149 1751 1425 1804 Sesquiulixis
1466 1750 1691 1789 Varronem

203 1818 435 1858 subindicat
472 1832 582 1857 suam
615 1826 791 1858 saturam
822 1821 872 1859 ad
903 1823 989 1862 eius
1021 1835 1141 1874 quam
1170 1823 1291 1860 etiam
1322 1823 1363 1859 in
1391 1826 1544 1858 Bmmzco
1571 1822 1691 1860 rumi-

203 1894 322 1927 natus
367 1888 513 1926 dicitur
562 1889 774 1943 Odysseae
826 1892 1069 1931 Homericae
1111 1891 1412 1931 similitudinem
1448 1892 1687 1931 adornasse:

204 1958 541 2012 quemadmodum
586 1958 775 1999 Cratinus
812 1962 906 2000 olim
953 1962 1133 2001 eiusdem
1177 1961 1388 2015 Odysseae
1433 1962 1611 2000 fabulam
1646 1963 1689 2000 in

203 2029 451 2068 comoediam
483 2042 596 2068 suam
617 2024 812 2077 Ὀδυσσεῖς
843 2039 1110 2071 converterat.
1156 2032 1288 2071 Indici
1308 2038 1468 2070 saturae
1488 2032 1690 2071 accedunt

203 2099 449 2150 fragmenta,
485 2113 653 2151 quorum
682 2102 880 2140 nonnulla
918 2102 1086 2141 Ulixem
1116 2102 1330 2153 designant
1365 2108 1527 2154 aperte,
1574 2103 1689 2141 velut

202 2172 305 2210 haec
334 2173 432 2219 tria,
473 2184 578 2223 quae
620 2170 671 2209 ab
703 2170 881 2211 Oehlero
917 2172 1097 2224 dispesta
1136 2178 1176 2210 et
1215 2172 1417 2211 sententia
1455 2178 1495 2211 et
1525 2186 1687 2224 compar

202 2243 498 2281 enuntiatorum
530 2243 655 2281 forma
685 2243 727 2281 in
757 2256 878 2281 unum
905 2242 1037 2281 locum
1069 2250 1285 2282 convocat:

318 2340 354 2371 11
403 2334 563 2370 Navibus
598 2335 784 2370 duodecim
828 2335 971 2371 domum
1000 2335 1227 2383 profectum,
1242 2335 1363 2370 decem
1400 2343 1517 2370 annos
1554 2333 1686 2370 solidos

403 2414 563 2440 errasse.

312 2496 358 2530 20
399 2493 594 2539 Dioqenem
619 2498 744 2539 postea
766 2495 922 2539 pallium
950 2495 1066 2529 solum
1094 2494 1278 2541 habuisse,
1309 2499 1343 2530 et
1370 2494 1505 2530 habere
1544 2478 1684 2529 Ulia-'em

401 2573 541 2598 meram
572 2565 751 2599 tunicam.-
779 2564 926 2609 pilleum
954 2564 1034 2599 ideo
1064 2575 1137 2600 non
1162 2564 1306 2600 habere.

314 2657 358 2690 10
403 2678 411 2686 .
446 2678 455 2687 .
483 2652 580 2699 quod
602 2651 772 2689 Mine'rva
795 2657 953 2699 propter
981 2651 1051 2688 ste't
1076 2654 1116 2689 iel
1139 2652 1349 2700 significcire
1379 2663 1461 2688 eum

397 2721 557 2769 Propter
587 2723 803 2758 doctrinam.
932 2712 933 2718 ¹

197 2810 261 2846 De
292 2810 490 2861 scriptura
520 2811 710 2861 postremi
744 2824 824 2848 non
854 2816 916 2849 est
946 2801 1052 2863 quod
1084 2810 1272 2848 adiiciam
1301 2811 1404 2859 illis,
1435 2823 1538 2862 quae
1566 2822 1603 2859 p.
1633 2814 1678 2847 28

193 2892 253 2930 sq.
273 2879 486 2930 disputavi.
532 2879 623 2932 Quo
654 2895 741 2919 cum
771 2882 959 2932 Roepero
990 2881 1176 2919 videatur
1206 2882 1350 2919 ‘Varro
1381 2880 1521 2918 ludere
1554 2880 1675 2916 inter-
