1898 3236
318 230 398 273 186
584 283 587 285 ‚
887 239 1227 271 conchANsA.

517 347 602 384 Non
630 356 730 382 unus
761 349 902 383 mentes
929 348 1046 394 ayitat
1073 345 1213 394 furor:
1240 327 1303 384 ille
1331 349 1476 385 sororis

515 417 564 454 In
594 416 767 453 manibus
797 417 899 453 vultu
929 417 1182 454 Eumenidum
1212 422 1381 455 terretur
1410 422 1446 455 et
1473 420 1563 467 iqui,

516 488 591 525 Hic
618 488 707 524 bove
725 497 914 534 percusso
942 481 1088 535 muyir'e
1116 484 1398 537 Ayamemnona
1422 490 1544 527 credit

515 560 591 596 Aut
617 558 805 596 Ithacum.
836 562 981 605 parcat
1011 560 1147 596 tunicis
1177 561 1262 597 licet
1291 565 1405 608 atque
1434 562 1612 605 lacernis,

517 630 714 668 Curatoris
741 634 834 677 cycl,
864 630 930 677 qui
952 640 1084 668 navem
1115 633 1302 669 mercibus
1329 633 1457 679 implet
1484 643 1518 670 e.
1550 643 1586 682 q.
1613 644 1644 669 s.

314 732 370 771 Ut
405 731 631 783 putaverim
664 742 716 767 ne
746 729 968 768 Varronem
998 730 1178 782 quidem,
1209 733 1447 788 praesertim
1473 732 1515 770 in
1544 735 1791 776 Eumsmnmus,

314 799 556 839 abstinuisse
582 797 740 839 Orestis
768 799 966 851 exemplo.

425 870 519 909 Non
557 871 614 908 ita
647 870 770 921 plana
806 876 899 908 sunt
931 870 1001 909 frr.
1032 870 1118 910 XX
1151 876 1191 908 et
1218 871 1370 910 XXII:
1416 885 1657 925 quamquam
1693 872 1794 912 illud

312 942 392 979 huc
422 940 625 992 pertinere
658 940 917 990 interrogatio
955 946 995 978 tu
1032 954 1106 979 non
1142 943 1314 979 insanis?
1350 941 1498 989 indicio
1534 947 1615 983 est:
1647 957 1791 995 prono·

313 1011 419 1050 mine
455 1011 525 1049 illo
563 1016 603 1048 tu
640 1024 721 1049 non
758 1024 859 1048 unus
896 1011 1223 1050 interlocutorum
1261 1012 1507 1064 appellatur,
1552 1012 1625 1051 sed
1653 1014 1790 1052 nescio

314 1081 426 1133 quis,
479 1093 597 1132 quem
648 1081 851 1131 castigans
890 1081 1052 1120 Veritas
1098 1080 1175 1120 sibi
1212 1081 1262 1120 ob
1305 1082 1442 1120 oculos
1479 1083 1612 1134 ponit:
1653 1096 1790 1136 quem-

314 1151 529 1190 admodum
559 1164 648 1189 cum
673 1151 832 1202 saepius
863 1149 959 1189 alibi
985 1150 1179 1189 Horatius
1209 1157 1293 1190 tum
1319 1153 1361 1191 in
1388 1151 1579 1204 hae'ipsa
1608 1166 1689 1205 qua
1714 1153 1790 1192 uti-

311 1236 397 1261 mur
427 1229 584 1261 satura:
615 1222 667 1261 cf.
699 1235 738 1259 v.
770 1226 835 1262 126
875 1222 957 1258 Tun
984 1232 1123 1268 sanus,
1158 1222 1268 1274 quod
1297 1235 1419 1274 supra
1450 1222 1579 1270 attuli,
1612 1222 1664 1262 ad
1695 1237 1790 1263 ava-

311 1306 416 1340 rum,
457 1301 576 1345 quem
607 1292 788 1344 depingit
817 1291 1103 1343 Damasippus,
1137 1291 1322 1330 relatum.
1382 1291 1450 1331 Sic
1479 1293 1609 1333 Varro
1638 1293 1708 1333 illo
1739 1296 1789 1334 fr.

311 1363 470 1402 videtur
496 1363 742 1402 luxuriosum
774 1368 814 1400 et
838 1362 1013 1414 aliquem
1041 1362 1338 1401 Nomentanum
1368 1363 1596 1414 appellare:
1628 1367 1684 1404 Tu
1715 1379 1791 1404 non

310 1436 480 1471 insanis?
509 1446 582 1482 quo
612 1435 677 1471 libi
702 1436 786 1471 vino
812 1445 953 1481 corpus
982 1436 1197 1482 corrumpis
1226 1440 1356 1472 mero?
1395 1433 1501 1472 Nam
1527 1435 1631 1474 haec
1663 1450 1713 1475 ex
1741 1450 1791 1476 ea

301 1510 426 1562 parte
467 1510 626 1556 sumpta
650 1503 839 1551 arbitror,
871 1516 951 1556 qua
979 1504 1156 1544 luxuries
1185 1505 1337 1557 pariter
1365 1508 1410 1541 ut
1440 1510 1584 1555 postea
1618 1507 1790 1547 avaritia

309 1575 665 1626 perstringebatur.
726 1575 789 1612 Ac
811 1574 912 1613 ⁴fieri
941 1576 1090 1626 potuit,
1128 1581 1172 1613 ut
1198 1574 1327 1614 Varro
1359 1588 1468 1614 more
1498 1588 1569 1614 suo
1599 1576 1666 1615 hic
1692 1591 1789 1630 quo-

311 1659 389 1698 que
426 1646 609 1684 luxuriae
648 1650 868 1696 opponeret
905 1645 1148 1696 frugalitatis
1178 1645 1426 1697 exemplum:
1460 1652 1506 1685 ut
1533 1660 1615 1685 non
1642 1647 1787 1702 impro-

310 1714 499 1754 babiliter
535 1715 708 1754 fortasse
742 1715 819 1753 hue
856 1713 1057 1753 referatur
1090 1716 1139 1755 fr.
1179 1724 1221 1758 ll
1260 1709 1411 1755 Patella
1448 1721 1632 1756 esurienti
1659 1722 1789 1768 posita

304 1791 491 1835 provocat
508 1787 783 1834 Neapolitanas
798 1788 988 1834 piscinas:
1018 1785 1059 1823 in
1085 1788 1163 1838 quo'
1183 1800 1263 1825 non
1285 1791 1347 1824 est
1373 1787 1482 1839 quod
1494 1791 1680 1837 patellam
1699 1803 1789 1829 cum

312 1855 489 1895 Oehlero
521 1858 614 1908 ‘pro
641 1857 752 1896 tenui
777 1857 912 1895 victu'
945 1856 1118 1908 positam
1143 1857 1407 1908 accipiamus3
1438 1859 1556 1898 immo
1586 1859 1663 1899 hoc
1692 1860 1791 1901 dicit

310 1928 462 1966 Varro:
493 1927 625 1966 tenuis
654 1928 808 1980 patella
838 1926 1027 1966 esurienti
1046 1927 1178 1977 posita
1197 1923 1320 1965 facile
1338 1927 1465 1966 vincit
1487 1927 1575 1978 (vel
1593 1937 1790 1981 provocat

311 2011 383 2050 spe
399 1998 595 2036 victoriae
616 1997 738 2049 freta)
762 1997 937 2036 delicata
961 1998 1210 2045 scitamenta,
1232 1997 1376 2050 quibus
1397 1998 1562 2055 titillare
1582 1998 1800 2049 ganeones

309 2069 491 2120 palatum
525 2069 675 2108 solent:
715 2082 786 2120 pro
824 2068 1036 2107 cuiuslibet
1064 2070 1168 2107 enim
1198 2068 1357 2119 generis
1386 2068 1506 2118 gulae
1529 2068 1788 2110 irritamentis

309 2140 487 2190 piscinas
524 2140 748 2191 appellavit
784 2140 1097 2191 Neapolitanas,
1142 2139 1193 2178 de
1227 2138 1372 2192 quibus
1412 2139 1463 2178 cf.
1494 2139 1623 2179 Varro
1653 2153 1787 2180 rerum

310 2210 548 2248 rusticarum
578 2211 644 2249 III
673 2217 715 2258 3,
748 2218 802 2251 1ο.
843 2215 899 2258 177
930 2216 964 2252 9.
1020 2210 1091 2249 Fr.
1123 2209 1255 2248 XXII
1290 2210 1431 2260 putavi
1467 2209 1665 2251 insaniam
1701 2211 1787 2251 eius

311 2281 521 2331 castigari,
561 2282 630 2333 qui
666 2295 754 2319 cum
790 2282 879 2333 ipse
910 2279 1154 2318 delicatulae
1181 2279 1293 2317 vitae
1322 2278 1551 2329 indulgeat,
1593 2280 1784 2328 villicum,

310 2363 429 2402 quem
465 2365 558 2390 aere
595 2349 775 2403 paravit,
821 2351 955 2389 multis
989 2349 1118 2388 modis
1151 2349 1256 2387 male
1292 2349 1442 2387 habeat
1488 2350 1786 2403 crudeliterque

309 2426 506 2472 torqueat,
534 2435 626 2459 mox
654 2427 699 2459 ut
727 2421 818 2459 usui
847 2422 926 2459 iam
956 2420 1056 2458 nulli
1084 2433 1174 2466 esse
1203 2418 1344 2470 possit.
1403 2419 1563 2457 Favere
1592 2419 1685 2457 huic
1716 2433 1784 2459 ex-

307 2491 515 2543 plicationi
550 2491 791 2530 videbantur
828 2497 869 2530 et
904 2490 1064 2533 Horatii
1100 2501 1262 2536 versuS,
1301 2501 1401 2541 quos
1436 2501 1558 2540 supra
1593 2488 1635 2526 in
1664 2489 1786 2527 alium

308 2575 423 2601 usum
455 2561 641 2610 adhibui,
676 2567 743 2602 128
770 2574 881 2614 sqq.:

841 2652 1026 2699 populum
1054 2652 1089 2687 si
1113 2651 1273 2687 caedere
1303 2651 1415 2687 saxis

508 2723 681 2770 Incipias
707 2733 881 2760 servosve
910 2726 973 2758 tuo
1003 2732 1097 2768 quos
1126 2731 1216 2758 aere
1245 2722 1416 2768 pararis,

509 2794 694 2831 Insanum
722 2798 757 2831 te
789 2805 824 2831 e.
855 2805 894 2844 q.
927 2805 958 2830 s.

311 2889 350 2921 et
379 2883 585 2922 Iuvenalis
616 2882 666 2922 de
696 2888 834 2922 satura
860 2882 989 2935 prima
1017 2887 1063 2923 92
1091 2895 1173 2934 sq.:
