1898 3236
255 252 333 292 124
826 259 1166 290 comscrANEA.

602 307 639 359 ὃ

364 373 409 407 25
440 367 644 414 Suspendit
672 367 818 404 laribus
846 367 1019 403 marinas
1039 367 1160 403 mollis
1174 366 1280 413 pilas
1300 367 1462 418 reticula
1484 377 1530 402 ac
1550 366 1735 413 strophia.

254 446 525 496 Coliaerentia
558 450 759 508 quaedam
797 446 934 494 earum
962 456 1221 508 reliquiarum
1251 454 1368 508 quasi
1404 453 1581 492 diluculo
1613 452 1736 506 dispi-

253 527 368 564 citur.
427 526 585 564 Bellam
624 538 791 564 uxorem
820 539 911 584 cum
939 527 1082 564 merito
1114 527 1239 564 amari
1267 539 1290 564 a
1317 525 1460 564 marito
1493 524 1622 572 dicat,
1668 524 1737 563 ad-

253 600 389 633 monet
421 608 579 643 eorum,
617 597 687 648 qui
722 609 804 634 non
839 594 1042 647 κουριδίης
1071 586 1227 646 ἆλόχοιυ
1253 595 1327 634 sed
1355 595 1636 634 meretriculae
1667 596 1738 634 ali-

254 666 367 703 cuius
400 678 536 703 amore
566 666 721 704 incensi
750 679 877 718 seque
906 680 1101 720 suamque
1134 680 1219 705 rem
1249 665 1615 718 pessumdederint.
1675 666 1739 705 Ac

253 734 303 773 fr.
342 741 387 775 25
427 734 476 773 de
515 748 639 774 uxore
676 736 745 774 vel
783 750 891 775 nova
932 743 1059 788 nupta
1099 737 1200 785 diei,
1245 731 1426 775 reticulis
1466 749 1513 774 ac
1550 737 1739 788 strophiis

251 805 368 857 prodi
406 805 580 845 videtur.
649 805 762 844 Illud
799 819 880 844 non
921 806 1088 856 definio,
1138 813 1270 846 utrum
1307 808 1438 848 Varro
1487 812 1532 844 ut
1573 806 1738 859 militiae

254 878 313 914 sic
356 876 501 914 ductae
534 876 670 914 uxoris
706 877 991 928 progrediente
1030 880 1260 917 narratione
1299 879 1543 917 mentionem
1583 876 1739 924 fecerit,

255 960 306 984 an
351 960 428 998 quo
467 945 590 984 ducat
626 941 861 1000 Odysseae
884 948 1053 986 imitatio
1092 948 1195 988 haec
1234 949 1313 987 sint
1353 962 1402 987 ex
1441 962 1490 987 ea
1523 953 1638 999 parte
1669 947 1738 986 de-

257 1023 464 1069 prompta,
505 1013 585 1068 qua
612 1029 656 1055 se
680 1005 875 1055 reducem
904 1031 954 1056 ex
984 1019 1195 1057 itineribus
1226 1018 1377 1057 vidisse
1408 1032 1575 1057 uxorem
1600 1010 1748 1057 narra--

255 1088 372 1126 verit.
427 1088 477 1125 In
506 1086 674 1137 singulis
703 1100 807 1139 quae
836 1088 1038 1126 monenda
1066 1089 1295 1137 videantur,
1326 1089 1430 1127 haec
1459 1095 1566 1127 sunt-
1612 1090 1682 1127 Fr.
1702 1090 1762 1135 5,

252 1158 295 1195 in
326 1171 404 1209 quo
438 1156 546 1210 quod
582 1160 647 1195 illa
675 1169 838 1195 uxorem
876 1146 1014 1208 (Nonf‘
1028 1173 1068 1210 p.
1099 1165 1180 1207 248,
1211 1159 1269 1211 15)
1299 1159 1491 1207 traditur,
1531 1159 1624 1197 olim
1653 1171 1738 1196 cor-

254 1224 409 1266 rectum
434 1233 509 1274 est,
547 1227 759 1278 Roeperus
789 1234 916 1277 metro
947 1228 1159 1268 describit:
1481 1228 1483 1230 ’

1130 1321 1222 1368 quid
1249 1320 1306 1357 e'st
1333 1322 1431 1357 enim
1478 1303 1482 1307 st

458 1388 566 1433 Quo'd
594 1390 702 1427 homo
732 1390 927 1437 mascult'cs
956 1392 1082 1427 videre
1111 1391 1246 1428 de'beat
1275 1389 1463 1428 lube'ntius

458 1460 569 1497 Be'lla
595 1472 730 1498 uxore.

254 1552 302 1589 In
343 1550 486 1603 quibus
523 1555 687 1601 praeter
731 1550 1018 1590 necessitatem
1054 1556 1151 1603 puto
1195 1550 1441 1602 transposita
1489 1563 1578 1588 esse
1617 1549 1740 1588 haec:

255 1624 443 1660 lubentius
475 1623 602 1659 videre
630 1623 775 1666 debeat,
809 1620 970 1673 quando
1002 1634 1104 1674 quae
1130 1620 1208 1659 hac
1239 1621 1369 1659 forma
1742 1624 1744 1626 ’

459 1723 567 1766 Quo'd
594 1723 702 1762 homo
729 1724 922 1759 masculas
951 1709 1139 1770 lubentius
1163 1714 1304 1763 videre*
1321 1722 1454 1761 de‘beat

256 1822 392 1875 prodit
423 1835 592 1861 caesura
622 1822 787 1870 vicaria,
815 1835 866 1860 ne
898 1836 947 1860 ea
980 1823 1141 1875 quidem
1171 1834 1194 1861 a
1215 1824 1533 1874 septenariorum
1560 1811 1645 1862 arte
1672 1821 1739 1862 ab·
1781 1843 1785 1846 ⁴

256 1895 403 1932 horret.
463 1894 520 1932 Ut
555 1893 728 1932 fortasse
766 1894 867 1931 nihil
903 1895 980 1932 nisi
1021 1893 1121 1931 illud
1158 1897 1251 1942 quid
1280 1897 1379 1931 enim
1416 1899 1471 1931 est
1499 1894 1643 1932 mutari
1673 1894 1740 1932 de-

258 1965 365 2012 beat,
397 1957 652 2016 quamquam,
683 1966 716 2003 si
744 1965 905 2018 quando
935 1965 1154 2003 recesseris
1186 1977 1209 2001 a
1238 1963 1443 2010 memoria,
1476 1964 1597 2002 etiam
1620 1965 1739 2005 aliam

256 2031 363 2074 viam
394 2048 475 2073 non
513 2048 634 2072 unam
663 2034 784 2074 video
816 2049 897 2087 qua
926 2036 1117 2074 metricae
1148 2035 1294 2073 rationi
1327 2035 1457 2085 possis
1489 2036 1738 2076 satisfacere.

368 2119 437 2156 Fr.
467 2122 489 2157 9
526 2116 751 2156 Gulielmus
784 2118 1030 2170 dactylicum
1059 2131 1268 2156 numerum
1297 2117 1482 2167 agnovit:
1510 2131 1630 2169 quem
1652 2132 1740 2156 cum

254 2201 337 2227 sese
378 2187 557 2239 reposito
603 2186 921 2239 redintegraret,
954 2190 1188 2241 Roeperus,
1227 2179 1320 2241 quia
1359 2187 1467 2239 apud
1497 2187 1673 2226 Nonium
1699 2203 1739 2240 p.

256 2266 344 2306 208,
379 2264 420 2298 14
455 2258 768 2308 praemittuntur
816 2261 940 2297 Varro
973 2260 1254 2308 SesquiulixeS,
1286 2260 1327 2296 in
1356 2259 1469 2296 initio
1496 2259 1627 2309 potius
1658 2259 1740 2311 syl-

256 2328 392 2366 labam
421 2327 488 2365 vel
514 2330 546 2364 is
572 2327 641 2365 vel
669 2331 703 2366 si
728 2329 958 2387 absorptam
987 2331 1155 2381 putavit.
1207 2330 1263 2368 At
1289 2342 1452 2379 ganeum
1479 2328 1740 2381 bisyllabum,
1794 2351 1797 2354 >

257 2399 307 2437 de
348 2412 427 2450 quo
466 2398 572 2449 dixit*
601 2399 832 2451 Roeperus,
875 2414 923 2438 ea
959 2401 1122 2452 quidem
1154 2401 1251 2439 sede
1279 2414 1421 2439 versus
1452 2399 1741 2439 dubitationem

255 2474 411 2518 movet,
459 2473 503 2506 ut
539 2474 608 2506 aut
643 2469 776 2507 nullus
814 2472 865 2508 sit
898 2471 967 2509 ille
1006 2485 1147 2510 versus
1180 2476 1247 2508 aut
1290 2469 1370 2508 alia
1406 2471 1444 2507 ei
1482 2470 1533 2508 sit
1556 2474 1743 2509 mensura

259 2539 503 2580 adhibenda.
564 2551 609 2576 ac
648 2551 802 2577 censum
842 2538 918 2591 (sic
958 2542 1063 2579 enim
1102 2541 1217 2587 libri,
1256 2553 1336 2577 non
1374 2552 1595 2588 accensum,
1634 2541 1742 2593 quod

259 2626 279 2650 e
324 2610 516 2650 Gulielmi
556 2609 787 2647 coniectura
822 2610 1030 2660 vulgatum
1070 2611 1256 2648 mirificas
1279 2609 1514 2658 -editorum,
1549 2624 1600 2649 ne
1637 2612 1741 2650 Roe-

258 2694 356 2732 pero
401 2679 565 2731 quidem
605 2683 796 2730 excepto,
849 2680 1139 2731 explicationes
1184 2679 1429 2732 procreavit)
1474 2680 1571 2732 quid
1621 2680 1741 2730 signi-

260 2753 373 2798 ficet,
420 2763 540 2801 supra
576 2748 701 2787 verbo
740 2750 980 2799 significavi.
1037 2751 1276 2802 Impeditius
1312 2755 1374 2788 est
1403 2750 1452 2790 fr.
1484 2756 1549 2796 25,
1589 2750 1631 2787 in
1660 2763 1739 2802 quo

261 2835 338 2860 nec
368 2823 541 2858 marinas
567 2822 672 2867 pilas
700 2832 778 2857 nec
806 2823 952 2858 laribus
981 2825 1141 2859 marinis
1173 2820 1379 2859 commode
1412 2819 1594 2869 intellegi
1617 2832 1738 2874 posse

263 2892 425 2944 copiosa
457 2891 729 2943 disputatione
762 2891 974 2943 Roeperus
1011 2891 1204 2932 ostendit:
1249 2891 1337 2944 ipse
1365 2887 1531 2930 Mem-sii
1557 2889 1598 2926 in
1627 2903 1740 2928 exer-
