1898 3236
249 219 300 258 14
816 227 1158 261 οοΝιΕοτΑΝΕΑ.

243 332 358 370 Haec
389 332 516 380 enim,
548 345 652 384 quae
683 332 893 384 pulchrum
920 334 1222 384 paroemiacum
1249 333 1442 382 efficiunt,

671 426 790 463 super
819 415 1044 463 amphitapa
1072 416 1166 453 bene
1195 417 1299 454 molli

242 503 421 542 delibata
443 502 493 541 de
518 504 655 542 nescio
679 517 757 556 quo
786 507 908 555 poe'ta
926 503 1106 554 pedestri
1137 505 1307 544 orationi
1329 505 1571 546 adhaerent:
1604 520 1723 560 quam

240 575 461 626 praemisso
496 577 624 612 iubent
660 573 728 612 vel
767 572 886 611 simili
925 574 1123 624 integram
1159 580 1361 627 praestes
1422 575 1544 615 Certe
1574 577 1723 616 Kochii

241 645 451 683 artificium
478 645 632 682 irritum
663 648 743 690 est,
777 643 843 694 qui
877 656 981 694 quae
1009 643 1138 682 Varro
1167 649 1280 683 recta
1308 645 1488 686 oratione
1519 647 1722 696 extulerit,

241 729 289 753 ea
315 728 339 753 a
366 715 498 753 Nonio
525 714 567 752 in
595 712 798 765 obliquam
820 711 980 751 deflexa
1004 712 1241 762 arbitratus,
1270 714 1373 754 haec
1394 721 1599 770 tamquam
1619 719 1721 758 Var-

238 786 352 823 ronia
383 783 637 823 commendat
663 783 703 821 in
735 782 1092 822 exercitationibus
1121 784 1270 823 criticis
1300 798 1340 837 p.
1372 791 1439 827 26:

1048 876 1146 911 alter
1171 875 1262 912 bene

440 946 628 994 Acceptus
654 946 791 983 dormit
819 955 936 992 super
964 945 1188 993 amphitapa
1218 947 1309 983 bene
1338 949 1450 985 molli.

236 1035 377 1085 Longe
409 1035 514 1073 enim
545 1034 682 1086 dispar
712 1038 775 1072 est
804 1033 891 1072 eius
922 1034 1241 1072 commutationis
1273 1034 1521 1087 exemplum,
1565 1036 1616 1075 de
1641 1050 1718 1089 quo

210 1105 519 1143 ,Lachmannus
566 1105 607 1142 in
647 1103 856 1143 Welckeri
895 1117 995 1144 mus.
1027 1105 1158 1143 Rhen.
1198 1105 1259 1144 VI
1298 1119 1338 1157 p.
1378 1110 1443 1147 117
1483 1106 1718 1159 disputavit.

236 1175 351 1213 Haec
381 1180 514 1213 autem
543 1181 726 1214 veterum
755 1178 966 1227 poetarum
994 1175 1160 1214 imitatio
1192 1175 1299 1227 apud
1326 1176 1551 1215 Varronem
1580 1178 1614 1216 si
1638 1191 1719 1216 non

236 1259 395 1298 semper
433 1252 474 1284 at
509 1260 807 1298 nonnumquam
845 1258 933 1284 eam
971 1246 1052 1284 vim
1090 1246 1251 1284 videtur
1287 1246 1500 1294 habuisse,
1541 1260 1621 1299 qua
1648 1248 1717 1286 ille

236 1316 337 1354 alter
363 1316 606 1368 Menippeae
635 1316 817 1354 haeresis
848 1321 1042 1364 sectator,
1081 1317 1307 1365 Lucianus,
1347 1317 1515 1355 Homeri
1545 1318 1717 1355 maxime

235 1391 274 1423 ct
304 1386 471 1425 aliorum
497 1399 640 1425 versus
675 1384 871 1440 παρῳδεῖς
912 1399 964 1424 ne
998 1386 1094 1438 quid
1131 1387 1261 1425 dicam
1293 1387 1343 1425 de
1374 1388 1617 1438 tragicorum
1645 1401 1715 1439 pa-

233 1456 356 1495 rodiis
391 1456 498 1509 apud
530 1455 703 1495 comicos
733 1457 951 1495 Romanos.

346 1528 414 1565 Fr.
436 1528 498 1574 X,
534 1527 643 1579 quod
669 1527 917 1579 respondere
938 1540 1043 1566 nono
1066 1527 1169 1575 dixi,
1201 1526 1326 1566 habet
1356 1528 1572 1567 manifesta
1598 1530 1738 1567 metri·

233 1598 426 1648 vestigia,
471 1611 576 1649 quae
605 1598 873 1649 recuperandi
905 1611 1049 1637 versus
1078 1597 1211 1637 studia
1242 1598 1391 1637 elicere
1418 1599 1605 1649 possint„
1646 1598 1714 1637 Sic

231 1668 368 1705 nescio
400 1681 451 1706 an
479 1681 559 1706 non
587 1667 873 1720 improbabiles
902 1667 1117 1708 videantur
1144 1668 1187 1706 hi
1216 1669 1455 1720 septenarii:

432 1760 575 1806 Nempe
607 1757 682 1808 [ἰή]
711 1770 800 1797 sues
827 1759 1017 1797 silvdticos
1044 1761 1083 1796 in
1113 1759 1299 1796 mo'ntibus
1327 1758 1489 1796 sectdris

442 1829 630 1866 Vendbulo
658 1834 725 1866 aut
749 1830 882 1867 cervo's
909 1832 977 1878 qui
1004 1831 1071 1867 tibi
1097 1829 1194 1867 nihil
1222 1831 1314 1866 mali
1337 1829 1517 1878 fece‘runt

444 1901 604 1937 Ver-ictis.

227 1977 276 2014 In
304 1977 431 2028 primo
459 1991 581 2016 versu
610 1984 649 2016 tu
676 1978 848 2025 inserui,
882 1977 989 2029 quod
1014 1982 1059 2015 ut
1083 1976 1204 2015 facile
1232 1964 1474 2015 intercidere
1504 1981 1597 2014 ante
1623 1988 1711 2014 sues

227 2049 377 2100 potuit,
415 2049 473 2087 ita
508 2047 672 2086 mirifice
707 2048 837 2099 ipsam
875 2049 958 2087 vim
995 2048 1223 2086 sententiae
1262 2052 1396 2097 auget.
1458 2047 1523 2085 De
1562 2058 1707 2095 nempe,

228 2118 335 2170 quod
363 2117 638 2170 pyrrhichium
664 2123 833 2170 aequat,
864 2117 959 2157 vide
988 2117 1204 2156 Ritschelii
1233 2116 1523 2169 prolegomena
1552 2118 1593 2155 in
1617 2117 1707 2155 Tri-

227 2201 429 2226 nummum
465 2188 602 2227 Plauti
635 2202 675 2240 p.
717 2187 917 2227 CXXXI.
984 2188 1033 2226 In
1074 2187 1252 2227 secundo
1300 2185 1407 2238 quod
1450 2188 1569 2225 tertia
1609 2187 1707 2225 sede

225 2257 473 2309 spondaicae
509 2260 621 2298 vocis
662 2271 794 2299 cervos
827 2259 959 2298 finalis
996 2263 1167 2297 accentu
1203 2257 1439 2308 insignitur,
1483 2256 1584 2294 nulli
1615 2269 1706 2295 esse

224 2329 265 2366 in
290 2329 352 2367 his
372 2329 557 2368 versibus
580 2330 791 2369 offensioni
815 2335 992 2369 constat:
1025 2330 1078 2368 cf.
1098 2329 1319 2369 Kraussius
1340 2340 1434 2366 nov.
1455 2338 1557 2364 mus.
1573 2326 1703 2365 Rhen.

225 2399 328 2437 VIII
346 2413 386 2450 p-
406 2406 486 2441 553.
507 2399 721 2440 Geminum
739 2400 965 2452 exemplum
982 2401 1278 2440 Varronianum
1298 2404 1360 2438 est
1382 2403 1591 2435 Euan-{oms
1613 2396 1662 2436 fr.
1684 2404 1702 2437 l

423 2491 499 2529 Aut
522 2492 690 2540 srz'yz'dos
717 2492 861 2529 nimbo's
891 2502 1014 2539 aquae
1043 2492 1241 2528 cadelo-iter
1273 2490 1433 2527 rue‘ntis.

221 2579 309 2617 Nec
338 2579 587 2619 haerendum
615 2583 656 2620 in
685 2581 855 2633 septimo
884 2579 1010 2632 pede,
1051 2580 1119 2632 qui
1148 2579 1190 2617 in
1219 2578 1299 2617 illis
1331 2577 1486 2616 duobus
1515 2576 1701 2615 versibus

221 2650 400 2701 spondeo
430 2651 676 2690 continetur:
709 2651 816 2705 quod
841 2655 886 2689 ut
913 2650 1118 2689 veteribus
1144 2649 1342 2688 scaenicis
1370 2646 1580 2699 probatum
1611 2647 1698 2694 fuit,

219 2720 276 2757 ita
302 2721 343 2758 in
366 2734 414 2759 ea
438 2734 481 2759 re
502 2720 552 2759 ab
577 2722 740 2760 illorum
761 2734 836 2759 usu
857 2733 937 2758 non
965 2719 1184 2759 deflectere
1205 2721 1428 2760 Varronem
1453 2716 1563 2764 aliis,
1593 2720 1697 2768 q'uae

217 2802 290 2839 per
319 2791 423 2829 hanc
448 2791 758 2843 disputationem
783 2790 1006 2844 proferam,
1039 2790 1236 2842 exemplis
1259 2789 1508 2828 convincam.
1564 2785 1697 2823 Alteri

218 2862 352 2898 versui
380 2863 511 2913 possis
541 2875 682 2914 purum
712 2860 889 2899 'iambum
920 2862 960 2899 in
992 2874 1162 2899 caesura
1190 2861 1247 2898 ita
1276 2858 1497 2909 refingere:
