1898 3236
265 267 319 311 62
818 277 1157 312 conc‘rANcA.

265 383 386 435 Quod
428 397 450 422 e
487 383 560 421 tali
595 384 682 422 fere
720 384 1077 435 comprehensione
1109 390 1308 437 sumptum
1344 385 1524 426 videtur:
1564 386 1658 438 Qua
1695 393 1739 426 tu

263 459 382 506 putas
420 453 541 491 animi
578 453 752 492 elatione
786 454 951 505 gloriari
990 459 1060 493 aut
1092 455 1220 503 hunc,
1261 455 1328 507 qui
1363 468 1475 494 suem
1512 457 1741 497 silvaticum

264 525 464 577 percussit
490 523 704 571 venabulo,
729 529 796 562 aut
816 524 943 572 illum,
975 525 1043 577 qui
1064 538 1226 564 cervum
1239 534 1368 578 ‘sparo
1390 527 1600 578 tragulave
1621 529 1740 568 traie-

266 596 332 636 cit.
393 595 457 636 Cf.
489 598 583 632 Ouoo
610 599 732 631 Arne
762 595 811 634 fr.
840 595 896 634 X.
956 595 1206 649 Scripturam
1233 609 1421 650 versuum
1450 611 1591 650 parum
1622 611 1739 637 accu-

265 673 352 705 rate
384 665 583 725 Oehlerus
611 666 858 706 diiudicavit.
909 666 978 705 Bis
1007 667 1065 706 eis
1094 667 1219 705 utitur
1247 667 1403 706 Nonius
1421 682 1466 721 p.
1496 675 1578 716 553,
1601 675 1647 710 30
1675 675 1743 708 aut

261 740 324 775 ille
358 749 390 775 e.
433 750 468 786 q.
505 739 666 776 uolubile
705 748 869 775 currens
909 749 967 786 sp.
1012 749 1041 774 s.
1085 742 1283 788 trayulave
1321 742 1468 787 traicit,
1515 754 1591 778 nec
1627 740 1743 779 aliter

265 807 403 846 scribit
430 822 470 860 p.
497 815 586 855 555,
621 813 687 856 20,
724 807 802 846 nisi
839 807 946 859 quod
976 814 1128 847 secutus
1159 817 1215 848 est
1242 809 1334 848 libri
1365 818 1525 859 omnes,
1571 817 1611 849 et
1639 824 1741 849 unus

267 877 664 918 Wolfenbuttelanus
693 877 776 917 levi
808 891 940 917 errore
968 883 1168 927 qratulave
1196 894 1267 932 pro
1289 884 1497 931 traqulave.
1549 881 1638 919 Iam
1661 894 1739 933 quo

265 949 474 1002 utriusque
503 961 644 988 versus
671 963 860 989 mensura
888 949 964 988 sibi
988 956 1204 1000 constaret,
1232 951 1370 990 Iunius
1393 951 1466 990 hos
1495 951 1742 990 eholiambos

264 1020 305 1058 in
338 1020 519 1070 margine
548 1019 734 1059 editionis
763 1033 861 1059 suae
893 1021 1091 1072 reposuit:

467 1092 542 1128 Aut
569 1079 631 1128 ille
658 1103 811 1130 cervum
842 1090 910 1139 qui
933 1093 1120 1129 volatile'm
1150 1095 1313 1131 czirrens

467 1163 593 1211 Sparo'
621 1167 774 1199 secutus
802 1162 1001 1211 tra'yulave
1030 1164 1192 1201 trdie'cit.

265 1234 470 1286 Apparet,
512 1245 631 1285 quam
660 1232 729 1270 ille
758 1232 965 1270 commode
996 1246 1125 1286 aeque
1155 1246 1203 1272 ac
1231 1232 1378 1271 leniter
1407 1220 1591 1271 versibus
1625 1233 1740 1272 satis-

266 1303 429 1341 fecerit:
470 1316 494 1340 a
532 1315 610 1354 quo
643 1316 731 1341 cum
766 1301 966 1341 Oehlerus
997 1316 1175 1343 seorsum
1204 1303 1384 1341 iudicare
1415 1303 1560 1351 vellet,
1604 1303 1744 1356 lapsus

266 1380 346 1413 est:
379 1387 454 1412 nec
486 1374 591 1412 enim
617 1373 803 1425 cuiquam
831 1379 927 1426 puto
961 1387 1059 1426 prae
1088 1375 1195 1427 Iunii
1226 1374 1459 1413 choliambis
1486 1373 1653 1413 Oehleri
1682 1387 1743 1413 se-

266 1445 401 1483 narios
429 1443 641 1497 probatum
669 1442 735 1480 iri:

468 1517 543 1554 Aut
572 1517 634 1552 ille
661 1525 814 1552 cervum
843 1510 910 1562 qui
937 1525 1100 1552 currens
1130 1517 1286 1554 volabile

469 1588 595 1635 Sparo
619 1591 772 1624 secutus
802 1588 1001 1634 trayulave
1033 1588 1171 1624 traicit.

266 1657 330 1696 Ne
359 1657 400 1695 in
429 1670 475 1695 eo
506 1655 668 1708 quidem
699 1669 722 1694 a
752 1654 857 1693 Iunii
886 1653 1067 1707 partibus
1100 1653 1278 1703 discedo,
1310 1653 1417 1707 quod
1438 1658 1623 1707 volatilem
1647 1655 1742 1695 scri-

266 1726 343 1776 bit,
391 1740 481 1765 cum
514 1725 612 1765 libri·
635 1725 808 1765 suadere
841 1726 1033 1763 volubilem
1061 1723 1287 1764 videantur.
1336 1724 1378 1763 id
1406 1725 1514 1778 quod
1544 1725 1744 1769 Oehlerus

266 1797 456 1848 analogia
494 1796 662 1835 'aliorum
688 1810 712 1835 a
738 1794 872 1835 verbis
902 1794 1164 1833 intransitivis
1191 1794 1460 1836 oriundorum.
1477 1796 1634 1834 firmare
1663 1801 1744 1834 stu-

267 1867 371 1906 duit:
409 1873 598 1921 poterant
633 1866 819 1919 exempla
856 1864 1123 1912 accumulari,
1174 1870 1335 1917 poterat
1376 1865 1583 1905 admoneri
1624 1866 1744 1905 etiam

267 1950 426 1985 eorum,
461 1938 503 1975 in
539 1936 691 1989 quibus·
717 1936 880 1988 linguae
918 1946 1014 1974 usus
1055 1935 1256 1987 duplicem
1284 1936 1452 1974 formam
1486 1938 1570 1974 bilis
1601 1941 1642 1974 et
1671 1939 1747 1974 tilis

267 2008 436 2063 effinxit,
468 2008 580 2046 velut
607 2010 795 2046 versatilis
827 2012 868 2045 et
898 2007 1104 2052 versabilis,
1130 2008 1290 2045 solutilis
1310 2011 1350 2045 et
1372 2008 1550 2053 solubilis,
1582 2005 1632 2044 de
1650 2019 1746 2058 quo·

266 2092 354 2117 rum
391 2077 621 2116 discrimine
657 2076 872 2116 videantur
900 2075 1070 2126 Reisigii
1105 2076 1270 2116 scholae
1301 2077 1352 2116 de
1392 2076 1653 2128 grammatica
1687 2075 1745 2114 la-

266 2150 352 2188 tina
387 2162 478 2187 cum
516 2148 565 2188 F.
597 2147 742 2187 Haasii
784 2146 1043 2185 adnotatione
1073 2160 1113 2198 p.
1146 2153 1226 2188 162.
1253 2164 1257 2168 ·
1284 2148 1373 2186 Nec
1402 2146 1640 2186 incredibile
1671 2152 1746 2195 est,

267 2226 429 2272 praeter
458 2224 574 2258 notas
605 2221 764 2258 volatilis
793 2222 834 2257 et
856 2219 1039 2256 volaticus
1062 2217 1211 2256 formas
1240 2217 1362 2256 etiam
1390 2216 1550 2255 tertiam
1579 2218 1748 2255 volubilis

268 2290 472 2329 extitisse:
513 2290 587 2329 sed
618 2302 696 2343 quo
722 2287 843 2327 valde
870 2287 1016 2336 Nonii,
1055 2287 1153 2326 licet
1183 2287 1355 2339 duplex,
1386 2287 1657 2325 testimonium
1686 2286 1743 2324 in-

268 2362 467 2412 fringitur,
497 2361 574 2399 hoc
606 2366 680 2408 est,
712 2359 832 2413 quod,
860 2358 893 2397 si
924 2359 1032 2410 optio
1064 2364 1150 2397 erat
1179 2361 1339 2397 volatilis
1367 2358 1472 2396 inter
1498 2362 1538 2396 et
1565 2359 1744 2403 volubilis,

268 2438 404 2471 nostro
435 2422 526 2470 loco
561 2430 720 2469 nonnisi
755 2429 856 2468 illud
894 2430 1138 2468 conveniens
1171 2423 1281 2468 fuit:’
1313 2442 1406 2468 nam
1441 2433 1485 2466 ut
1523 2427 1610 2466 avis
1634 2432 1744 2465 recte

269 2503 349 2541 dici
377 2502 508 2541 bestia
533 2500 720 2541 volabilis
745 2501 886 2553 possit,
918 2502 974 2539 ita
1005 2514 1162 2548 cervus,
1194 2514 1272 2553 quo
1301 2502 1386 2540 eius
1406 2498 1604 2539 velocitas
1629 2498 1743 2537 effer-

268 2578 405 2621 retur,
421 2572 597 2611 volatilis
624 2576 779 2611 tantum
805 2573 943 2611 vocari
970 2572 1114 2624 potuit.

380 2644 627 2694 Fragmenta
655 2643 726 2683 VI.
756 2643 852 2683 VII.
884 2642 990 2682 VIII
1021 2642 1073 2680 ad
1101 2641 1322 2681 Herculem
1349 2640 1496 2688 refero,
1527 2652 1645 2692 quem
1673 2650 1743 2677 no-

269 2714 420 2752 minata
444 2714 492 2752 fr.
521 2713 604 2753 VII
632 2713 764 2767 hydra
789 2714 976 2752 Lernaea
1006 2718 1046 2751 et
1077 2712 1198 2751 draco
1229 2710 1503 2764 Hesperidum
1533 2710 1746 2760 designant

271 2791 424 2836 aperte.
483 2785 594 2834 Ergo
624 2789 805 2831 venator,
836 2797 915 2836 quo
946 2798 1060 2823 suam
1090 2789 1216 2822 artem
1245 2781 1296 2821 ab
1324 2781 1552 2820 inutilitatis
1581 2779 1744 2818 crimine
1783 2776 1787 2779 ¹

270 2854 462 2902 vindicet,
485 2846 675 2892 Herculis
697 2855 904 2892 fructuosa
926 2854 1099 2893 humano
1120 2853 1259 2905 generi
1282 2853 1392 2892 facta
1410 2851 1584 2899 asciscit,
1608 2864 1743 2903 quem·
1767 2856 1779 2866 ·

271 2924 485 2963 admodum
515 2919 638 2977 supra
665 2924 881 2964 venatione
912 2924 1111 2976 Meleagri
1143 2925 1185 2962 in
1214 2937 1327 2983 suam
1355 2929 1511 2975 partem
1541 2936 1637 2961 usus
1669 2927 1743 2960 est.
