1898 3236
293 218 373 259 208
702 212 706 215 ’
866 226 1205 258 commeritum.

406 332 533 372 Multo
566 332 686 369 etiam
709 331 922 379 infelicius,
952 332 986 370 si
1006 332 1102 384 quid
1125 332 1267 380 sentio,
1288 331 1388 370 illud
1409 345 1433 369 a
1454 331 1680 371 Mercklino
1702 345 1770 378 ex—

296 405 513 454 cogitatum
543 407 617 448 est,
650 400 909 452 Sexagessim
941 407 981 441 et
1000 399 1088 453 περὶ
1118 399 1310 454 ἐξαγωγῆς
1331 401 1384 441 ad
1407 401 1578 441 eandem
1596 407 1773 440 saturam

295 474 510 526 pertinere.
556 471 688 509 Nonio
715 471 913 510 debentur
931 473 1140 525 utriusque
1164 472 1308 511 indicis
1333 473 1576 511 testimonia.
1627 474 1692 511 De
1715 472 1773 511 in-

295 545 387 584 dole
415 544 500 581 eius
522 547 695 590 saturae,
722 556 825 594 quae
847 530 925 582 fuit
944 541 1032 594 περὶ
1054 542 1260 595 ἐξαγωγῆς,
1286 557 1528 596 quamquam
1547 545 1588 582 in
1608 543 1776 594 singulis

296 613 535 668 quibusdam
562 611 768 661 dissentio,
797 613 837 651 in
858 614 1089 654 universum
1109 630 1193 654 non
1208 616 1392 666 imperite
1413 616 1621 654 Mercerus
1642 613 1776 665 dispu-

295 686 397 725 tavit
427 684 479 722 ad
507 684 681 722 Nonium
713 697 752 734 p-
786 689 873 725 745:
911 685 1146 737 ‘disputatio
1178 682 1306 724 omnis
1328 686 1528 725 varronis
1554 686 1596 723 in
1621 685 1700 722 hoc
1729 684 1775 722 li-

295 759 366 796 bro
405 757 455 795 de
490 755 622 794 causis
662 753 837 792 abeundi
877 767 926 793 ex
966 755 1042 793 hac
1076 755 1179 794 vita:
1220 757 1262 794 in
1295 756 1343 794 iis
1383 755 1433 794 de
1473 756 1671 794 communi
1707 753 1783 792 illa

296 814 526 880 passimque
564 830 758 876 usurpata
792 824 1018 872 veteribus,
1061 827 1128 877 qui
1157 827 1256 865 victi
1282 840 1335 865 ne
1361 824 1579 866 victoribus
1604 823 1785 870 ludibrio·

298 903 434 937 essent
460 895 755 949 praeoptabant
784 900 971 943 mortem,
1010 894 1131 948 idque
1164 910 1252 935 cum
1289 896 1423 936 laude.
1483 897 1615 936 Plena
1645 908 1777 934 exem-

296 969 453 1021 plorum
490 967 652 1005 omnia.·
694 967 748 1005 Et
783 966 835 1005 ad
871 966 974 1004 hanc
1019 979 1181 1010 causam
1210 967 1437 1018 exemplum
1467 965 1681 1005 Annibalis
1710 963 1777 1015 (fr.

302 1039 364 1090 l)'
407 1051 442 1076 e.
471 1052 510 1090 q.
542 1051 574 1075 S.
634 1037 791 1089 Nempe
828 1037 1035 1089 inscriptio
1072 1037 1246 1082 indicat,
1285 1038 1362 1086 hac
1389 1043 1525 1076 satura
1555 1037 1779 1075 Varronem

298 1109 513 1147 stoicorum
552 1107 756 1146 decretum
794 1105 882 1157 περὶ
914 1101 1078 1158 εὐλόγου
1112 1105 1306 1158 ἐξαγωγῆς
1339 1113 1633 1159 pertractasse,
1667 1106 1779 1145 cuius
1818 1139 1821 1143 .

300 1179 455 1218 decreti
491 1179 574 1216 vim
610 1192 690 1216 non
729 1185 790 1216 est
822 1177 929 1230 quod
959 1191 1064 1216 nunc
1093 1178 1274 1229 pluribus
1304 1191 1538 1231 persequar.
1598 1177 1781 1215 Alterius

301 1255 433 1289 autem
478 1254 659 1295 saturae,
700 1260 804 1300 quae
836 1247 1077 1298 Sexagessis
1106 1253 1295 1296 vocatur,
1337 1249 1515 1299 speciem
1547 1261 1568 1286 e
1598 1246 1781 1300 reliquiis

300 1322 571 1360 Mommsenus
610 1317 771 1368 egregie
818 1319 1073 1370 recuperavit
1106 1319 1199 1356 hist.
1236 1319 1350 1357 Rom.
1391 1319 1458 1357 III
1494 1325 1574 1360 564.
1643 1319 1782 1358 Semet

300 1393 430 1443 ipsum
464 1390 568 1427 enim
604 1389 733 1427 Varro
766 1395 968 1441 tamquam
1000 1389 1169 1428 alterum
1197 1389 1478 1441 Epimenidem
1505 1388 1675 1435 inducit,
1713 1388 1795 1440 qui

301 1467 566 1514 posteaquam
594 1458 741 1497 alicubi
771 1473 843 1511 per
865 1461 1156 1513 quinquaginta
1182 1473 1308 1499 annos
1330 1460 1582 1507 obdormivit,
1611 1459 1781 1497 Romam

300 1545 488 1571 reversus
519 1530 670 1577 omnia,
704 1543 806 1582 quae
833 1536 925 1568 tunc
955 1529 1142 1582 reliquit,
1174 1543 1372 1569 conversa
1402 1536 1442 1568 et
1470 1535 1694 1582 permutata
1722 1530 1782 1568 of-

304 1602 451 1641 fendit:
486 1615 507 1639 e
536 1600 670 1652 prisca
697 1615 745 1639 ac
776 1600 970 1639 laudabili
1003 1602 1144 1653 quovis
1175 1603 1334 1641 nomine
1364 1601 1475 1641 Urbe
1499 1614 1605 1640 nova
1635 1599 1793 1655 prodiity

303 1673 407 1711 omni
433 1684 582 1722 genere
614 1671 914 1722 depravationis
944 1672 1119 1711 infamis.
1179 1673 1323 1724 Itaque
1353 1672 1422 1710 ille
1454 1685 1547 1727 suas
1578 1671 1782 1724 querellas

301 1758 382 1782 non
430 1741 641 1798 continet,
675 1742 819 1793 ecquid
867 1756 1061 1781 revocare
1102 1743 1273 1794 patriam
1308 1742 1357 1781 ab
1400 1741 1622 1781 imminenti
1659 1742 1782 1780 exitio

306 1815 530 1863 contingat3
561 1811 634 1850 sed
664 1813 843 1862 graviter
870 1814 1084 1874 inerepans
1113 1813 1322 1864 repellitur
1355 1813 1405 1852 ab
1436 1814 1498 1860 iis,
1531 1825 1698 1865 quorum
1724 1811 1783 1849 vi-

304 1885 359 1922 tio
391 1897 439 1921 ea
479 1883 590 1920 facta
620 1882 874 1920 commutatio
903 1896 1034 1920 rerum
1074 1888 1154 1930 est,
1195 1896 1242 1921 ac
1278 1883 1451 1935 denique
1483 1896 1561 1934 quo
1590 1881 1783 1920 molestus

304 1954 380 1991 iste
409 1952 685 2003 interpellator
711 1957 756 1990 'et
785 1953 944 2005 ineptus
974 1953 1160 1991 laudator
1188 1954 1380 2004 temporis
1411 1954 1491 1991 acti
1515 1959 1784 2001 removeatur,

306 2024 613 2074 sexagenarium
650 2022 869 2061 secundum
908 2023 1111 2075 antiquum
1147 2036 1299 2063 morem
1328 2024 1551 2062 Romanum
1582 2023 1631 2062 de
1661 2030 1784 2075 ponte

306 2097 346 2133 in
376 2094 556 2132 Tiberim
586 2092 812 2131 deturbant.
840 2124 843 2127 .
872 2094 937 2132 Ita
976 2108 1064 2133 cum
1093 2095 1179 2133 fere
1208 2095 1399 2133 terminus
1430 2093 1515 2131 eius
1545 2099 1706 2131 saturae
1736 2106 1784 2131 ac

308 2165 514 2204 consilium
555 2164 786 2215 primarium
833 2164 1088 2217 dispiciatur,
1142 2166 1183 2203 in
1225 2164 1395 2216 proclivi
1439 2170 1501 2202 est
1548 2164 1787 2216 lepidissimi

307 2234 491 2288 opusculi
526 2238 652 2271 totum
690 2233 901 2272 decursum
943 2249 1017 2287 per
1052 2249 1145 2274 suas
1174 2240 1310 2287 partes
1341 2234 1466 2273 menti
1498 2248 1634 2273 rursus
1663 2236 1787 2275 infor-

307 2320 429 2345 mare.
491 2304 592 2344 Cum
628 2305 705 2342 hac
743 2305 864 2355 igitur
893 2311 1031 2344 satura
1056 2306 1244 2357 coniungi
1272 2305 1520 2343 Mercklinus
1549 2305 1716 2344 alteram
1741 2306 1787 2343 il-

307 2378 389 2415 lam
417 2374 507 2427 περὶ
538 2373 732 2426 ἐξαγωγῆς
762 2374 891 2422 iubet,
930 2377 1091 2428 quando
1121 2377 1233 2414 illum
1265 2375 1415 2413 exitum
1447 2388 1468 2413 e
1499 2375 1602 2423 vita,
1635 2389 1713 2428 quo
1743 2388 1787 2413 se

309 2447 438 2485 Varro
467 2446 758 2497 Epimenideus
788 2460 903 2484 usum
933 2447 1147 2494 simulavit,
1178 2446 1339 2484 unicum
1369 2458 1390 2482 e
1416 2444 1597 2496 pluribus
1618 2458 1700 2483 non
1718 2458 1788 2482 na-

310 2516 450 2554 turalis
482 2517 619 2554 mortis
657 2515 872 2566 generibus
904 2517 1077 2556 Varroni
1115 2504 1308 2554 credibile
1336 2516 1387 2553 sit
1417 2529 1496 2553 non
1525 2514 1790 2567 improbatum

310 2588 448 2625 fuisse.
496 2588 617 2626 Esto:
650 2595 891 2639 quamquam
919 2600 998 2624 non
1028 2593 1109 2624 tam
1138 2586 1330 2636 intellego
1362 2599 1431 2623 cur
1461 2585 1636 2634 credam,
1668 2598 1789 2638 quam

313 2671 382 2695 cur
412 2671 491 2695 non
521 2656 681 2695 credam
712 2656 845 2695 video.
907 2656 989 2695 Sed
1020 2656 1342 2704 consideremus,
1382 2655 1513 2708 qualis
1543 2656 1623 2693 iam
1649 2668 1670 2692 e
1696 2668 1788 2694 con·
1823 2658 1827 2662 '

311 2728 519 2779 glutinatis
555 2734 634 2766 tam
671 2727 852 2778 reliquiis
890 2741 1010 2779 quam
1049 2727 1248 2766 indicibus
1278 2732 1413 2765 satura
1441 2726 1621 2778 prodeat.
1680 2726 1788 2774 Ergo

313 2799 524 2838 deturbato
565 2788 627 2837 de'
655 2803 777 2850 ponte
816 2798 1082 2846 sexagenario
1112 2798 1295 2836 Varrone
1330 2798 1468 2835 nescio
1502 2796 1591 2848 quis
1631 2807 1652 2831 e
1693 2793 1787 2832 stoi-

315 2882 450 2907 corum
474 2883 594 2908 sensu
622 2869 671 2907 de
696 2869 807 2908 vitae
827 2868 1028 2906 finiendae
1050 2868 1269 2906 rationibus
1292 2867 1512 2920 disputavit
1531 2867 1586 2904 ita
1610 2862 1786 2916 quidem,
