1898 3236
242 285 294 326 36
359 284 363 288 ’
809 291 1152 324 CONIEGTANEA.

238 404 374 451 paret,
403 411 522 451 quam
541 398 662 438 valde
686 399 846 437 ’ionicus
867 410 1055 437 numerus
1079 398 1304 437 conveniat.
1350 397 1412 437 Of.
1435 397 1578 437 eodem
1594 398 1718 438 Nonii

239 469 329 508 loco
360 470 503 509 citatos
533 481 675 508 versus
708 466 858 508 Lucilii

510 560 630 598 Stulte
657 561 839 597 saltatum
869 565 904 597 te
931 549 1036 597 inter'
1059 561 1202 612 venisse
1232 561 1410 597 cinaedos

242 656 282 688 et
307 650 443 690 Plauti
474 647 497 688 e
521 649 653 689 Milite
681 649 857 700 glorioso
887 655 957 691 668
986 648 1074 700 (III
1102 656 1150 697 l,*
1177 647 1239 700 74)

302 753 393 790 Tum
421 751 473 790 a'd
498 753 716 790 saltandum
745 752 819 789 non
849 747 1032 823 cinaedus
1057 751 1230 789 malacus
1259 723 1414 800 aequest
1440 750 1553 799 a'tque
1582 761 1660 800 eqo.

242 852 306 892 Cf.
334 858 550 910 praeterea
576 852 705 892 Stichi
735 865 926 891 scaenam
952 858 1215 905 postremam:
1246 867 1283 891 v.
1312 857 1381 899 769
1406 850 1465 903 (V
1488 858 1532 899 7,
1562 851 1604 903 1)

355 945 430 991 Qui
455 945 610 995 Io'm'cus
638 950 706 983 aut
732 944 985 989 cinae'dioust,
1021 946 1088 992 qui
1108 944 1179 982 hoo
1210 942 1285 981 tale
1305 917 1441 991 facere
1460 943 1609 990 po'ssit?

241 1049 307 1074 vv.
335 1040 418 1076 760.
443 1040 524 1076 772.
554 1031 751 1074 Pseu'duli
774 1039 865 1075 1274
891 1030 950 1085 (V
970 1037 1115 1123 1,29).
1173 1032 1279 1073 Vide
1298 1031 1537 1072 Lambinum
1565 1030 1618 1070 ad
1635 1031 1720 1071 Ho—

242 1105 334 1143 ratii
364 1117 484 1143 carm.
515 1105 583 1143 III
612 1111 654 1153 6,
685 1111 742 1145 21.

353 1176 562 1232 Deinceps
599 1176 775 1214 musicus
814 1175 1061 1226 singulorum
1089 1188 1344 1213 numerorum
1371 1180 1723 1228 naturam-perse-

243 1251 357 1284 cutus
385 1245 566 1286 videtur:
598 1246 649 1285 de
674 1247 828 1286 heroici
855 1247 999 1285 saltem
1019 1246 1155 1286 indole
1177 1259 1268 1285 eum
1287 1246 1404 1298 plura
1425 1246 1723 1298 exprompsisse

242 1317 318 1356 hoc
350 1317 619 1368 fragmentum
645 1316 795 1355 indicio
825 1322 906 1356 est:

292 1425 294 1427 ’
355 1419 465 1457 ΧΧΙ
487 1417 550 1469 (4)
589 1420 643 1457 Et
673 1421 714 1456 id
736 1418 873 1457 dicunt
890 1430 999 1457 suam
1023 1421 1237 1471 Briseidem
1254 1421 1493 1468 producere,
1525 1430 1623 1474 quae
1643 1421 1725 1457 eius

243 1493 396 1529 nervias
423 1495 596 1528 tractare
625 1491 778 1528 solebat.
819 1502 823 1505 ’

356 1592 474 1631 Haec
511 1591 617 1629 enim
653 1595 817 1628 auctore
849 1591 1098 1630 Mommseno
1135 1592 1194 1629 ita
1222 1592 1483 1642 interpretor,
1520 1588 1726 1628 Achillem

243 1663 407 1703 heroico
444 1661 608 1714 quidem
642 1660 774 1698 ubivis
809 1674 974 1700 numero
1010 1661 1087 1708 uti,
1138 1661 1213 1699 sed
1244 1674 1335 1699 eum
1368 1659 1501 1698 modo>
1526 1659 1727 1698 duriorem

244 1733 362 1773 modo
391 1733 589 1771 mitiorem
615 1731 920 1783 mollioremque
946 1744 1089 1769 sonum
1115 1732 1290 1770 referre:
1325 1744 1495 1782 eamque
1519 1730 1727 1768 mollitiem

245 1818 272 1843 a.
295 1802 485 1842 Briseide
513 1802 662 1854 repeti,
694 1815 799 1854 quae
822 1794 984 1840 nervias
1005 1803 1091 1840 eius
1116 1806 1292 1840 tractare
1315 1801 1454 1839 soleat.
1504 1801 1571 1839 Ita
1590 1799 1727 1852 lepide

245 1875 374 1914 Varro
411 1874 591 1925 ipsorum
624 1886 815 1911 versuum
855 1872 1176 1918 vicissitudinem
1211 1872 1254 1909 in
1289 1883 1484 1924 personas
1521 1869 1728 1908 transtulit

246 1958 337 1992 eas,
378 1958 483 1996 quae
513 1945 756 1996 praecipuas
794 1944 835 1982 in
860 1943 1078 1982 Homerico
1113 1942 1290 1981 carmine
1319 1946 1457 1992 partes
1489 1940 1726 1979 sustineant.

245 2016 463 2068 Reliquum
494 2019 576 2061 est,
616 2007 661 2051 ut
690 2014 777 2052 eius
814 2014 1030 2065 fragmenti
1061 2014 1261 2065 scriptura
1290 2011 1517 2059 dirimatur,
1558 2011 1729 2062 primum

245 2088 562 2125 utrum'nervias
591 2083 789 2122 scribatur
819 2098 871 2122 an
901 2088 1036 2123 nervia
1065 2089 1220 2123 neutro.
1281 2081 1389 2120 Illud
1425 2083 1531 2120 enim
1567 2081 1660 2124 libri
1687 2082 1729 2119 in

246 2158 337 2196 loco
362 2156 579 2202 Varronis,
615 2168 693 2208 quo
714 2161 850 2194 tamen
870 2155 958 2207 ipso
978 2155 1135 2203 Nonius
1161 2154 1323 2193 videtur
1351 2158 1537 2192 neutrum
1556 2151 1729 2204 probare

246 2229 439 2268 voluisse.
488 2227 557 2266 sic
579 2227 685 2265 enim
706 2226 843 2279 ille-p.
865 2232 954 2274 215,
984 2233 1049 2267 13:
1081 2225 1220 2264 ‘nervi'
1252 2227 1453 2268 masculini
1480 2229 1587 2270 sunt,
1618 2225 1733 2261 sicuti

244 2302 482 2349 plerumque.
525 2298 691 2336 ‘nervia'
718 2299 896 2347 feminini
914 2299 1021 2346 apud
1042 2299 1170 2336 doctos
1192 2300 1327 2336 lectum
1347 2302 1404 2334 est
1424 2307 1550 2343 saepe.
1591 2296 1730 2333 Verum

257 2371 383 2408 Varro
413 2370 514 2408 Onos
544 2371 675 2418 lyras.-
706 2370 882 2407 ‘scientia
913 2399 920 2406 .
948 2399 955 2406 .
980 2398 988 2405 .
1016 2370 1169 2406 nervias
1197 2367 1258 2419 [X
1266 2367 1392 2419 VII].'
1439 2369 1577 2405 Neutra·
1606 2367 1730 2416 Varro

251 2443 351 2480 Onos
369 2443 496 2490 lyras.-
525 2440 577 2477 ‘et
596 2442 638 2476 id
658 2440 804 2477 dicunt'
830 2452 866 2477 e.
891 2453 929 2492 q.
954 2452 984 2477 s.
1031 2439 1081 2477 In
1099 2438 1294 2485 Leidensi
1318 2441 1450 2485 nervia
1471 2443 1605 2476 neutro
1627 2439 1733 2485 apud

247 2515 395 2562 doctos,
428 2509 537 2563 quod
571 2510 667 2549 mihi
702 2523 846 2563 sapere
878 2506 1231 2561 interpolationem
1257 2508 1430 2547 videtur.
1487 2509 1594 2547 Nam
1624 2507 1732 2559 quod

249 2581 358 2634 apud
385 2580 524 2620 doctos
550 2581 634 2632 legi
660 2581 1029 2627 nervias'feminino
1049 2580 1207 2619 Nonius
1237 2579 1355 2628 dicit,
1386 2580 1472 2617 hoc'
1487 2593 1567 2618 non
1587 2579 1732 2617 iniuria
1800 2628 1803 2631 ἢ

251 2653 304 2692 ad
333 2666 444 2701 eum,
487 2665 606 2706 quem
636 2651 873 2704 saepissime
903 2651 1118 2704 expilavit,
1163 2650 1340 2692 Gellium
1367 2644 1630 2698 rettulerunt,
1663 2649 1741 2703 qui·

250 2725 354 2769 haec
379 2723 519 2763 scribit
544 2724 586 2762 in
614 2722 716 2761 libro
745 2723 811 2761 IX
835 2728 876 2770 7,
904 2729 944 2763 3:
976 2725 1045 2760 sed
1070 2724 1116 2760 de
1142 2708 1281 2769 fidibus
1310 2723 1442 2758 rarius
1471 2720 1637 2759 dictu’et
1663 2722 1730 2756 mi-

250 2797 409 2832 rabilius
438 2800 515 2833 est:
545 2806 659 2842 quam
680 2805 760 2831 rem
782 2799 820 2830 et
839 2796 906 2830 alii
933 2795 1064 2831 docti
1093 2795 1167 2830 viri
1187 2798 1224 2830 et
1245 2793 1448 2829 Suetonius
1467 2793 1580 2828 etiam
1608 2791 1735 2842 Tranj

252 2868 391 2914 quillus
417 2869 455 2904 in
476 2868 580 2908 *libro
601 2868 772 2904 ludicrae
793 2866 974 2903 historiae
991 2866 1118 2911 primo
1140 2866 1236 2901 satis
1256 2867 1487 2911 compertam
1513 2871 1594 2897 esse
1619 2862 1730 2914 satis·-

252 2949 325 2985 que
356 2949 474 2985 super
505 2949 551 2974 ea
579 2934 755 2976 constare
785 2936 981 2985 affirmat.-
1021 2936 1217 2972 nervias
1245 2936 1285 2970 in
1308 2934 1448 2980 fidibus
1480 2933 1646 2969 brumali
1672 2933 1732 2968 die
