1898 3236
227 274 305 313 114
799 283 1136 315 οοΝιΕοΤΑΝΕΑ.

223 392 327 435 runt,
359 387 432 426 sed
463 387 492 424 ii
519 388 738 439 septenarii
767 389 846 426 sint
870 388 1063 427 trochaici
1078 403 1130 427 an
1148 395 1192 427 ut
1212 390 1440 441 superiores
1456 389 1622 428 'iambici
1640 395 1721 428 se-‘

223 458 326 495 narii
351 457 524 495 dubitari
552 463 698 510 potest.
733 459 963 511 Septenarii
992 459 1099 498 enim
1121 473 1210 509 cum
1230 461 1352 499 facile
1378 461 1434 499 ita
1458 460 1704 513 procedant:

511 559 519 567 .
552 532 615 567 ubi
638 530 673 567 e't
703 533 885 568 dicuntur
910 531 1071 568 bdrbari
1095 524 1392 570 innumerabiles

426 600 587 638 Later-es
617 602 758 638 aureds
787 603 976 647 habuisse,
1262 590 1265 592 ’

224 671 404 709 senarios
441 670 509 708 ubi
547 672 741 723 effingere
760 664 875 711 ‘'velis
915 670 1050 710 obstat
1078 672 1334 712 intolerabile
1365 672 1530 711 alterius
1561 683 1703 709 versus

224 741 400 780 initium:
953 747 955 749 ’

426 812 568 850 latere's
598 814 751 855 aureos¹
764 814 953 851 habuisse.

225 880 300 919 Oui
338 881 547 920 offensioni
587 895 664 934 quo
709 889 940 922 occurreret
975 884 1206 936 Roeperum
1245 896 1326 923 non
1366 885 1547 924 destituit
1575 890 1738 923 trans-0

223 952 400 1003 ponendi
429 953 635 992 machina:

425 1025 603 1062 habuisse
633 1026 774 1062 lateres
804 1028 954 1063 at'ereos.
1703 1077 1709 1084 .

223 1093 416 1133 Attamen
450 1095 632 1146 quamvis
662 1095 832 1146 optarim
862 1096 1108 1146 fragmenta,
1147 1109 1251 1147 quae
1283 1109 1357 1134 sua
1387 1094 1704 1133 conformatione

224 1177 271 1202 ac
292 1165 494 1202 sententia
515 1165 808 1214 contineantur,
842 1166 983 1205 eodem
1007 1166 1219 1204 decurrere
1241 1180 1406 1204 numero
1438 1166 1579 1216 (aliam
1600 1166 1704 1203 enim

225 1248 389 1274 causam
429 1249 499 1273 cur
532 1237 760 1286 praeferam
797 1237 977 1275 senar-ios
1007 1251 1088 1275 non
1116 1237 1257 1276 video:
1298 1249 1374 1274 nec
1405 1228 1501 1287 quid
1526 1236 1703 1285 tragicus

223 1318 368 1344 versus
404 1304 526 1357 apud·
549 1305 787 1345 Ciceronem
819 1307 869 1346 de
907 1298 990 1347 nat.
1022 1308 1130 1346 deor.
1156 1308 1178 1346 I
1207 1313 1265 1354 42,
1298 1312 1364 1347 119
1395 1305 1446 1343 ad
1481 1306 1704 1344 Varronem

223 1375 381 1431 valeat,
420 1376 653 1428 intellego),
684 1383 818 1417 tamen
845 1378 913 1430 qui
943 1379 1101 1417 discere
1130 1369 1266 1429 potius
1293 1390 1315 1415 e
1344 1376 1524 1428 reliquiis
1554 1377 1704 1426 Varro-

222 1445 283 1483 nis
321 1458 472 1483 morem
509 1460 628 1498 quam
659 1447 806 1486 docere
837 1449 968 1499 ipsum
998 1448 1152 1500 cupiat,
1194 1448 1236 1486 in
1263 1447 1412 1486 tradita
1443 1446 1635 1484 memoria
1665 1452 1704 1484 et

224 1517 292 1569 qui
323 1530 371 1555 ea
401 1517 730 1557 commendantur
759 1518 1000 1571 septenariis
1034 1518 1245 1570 perstabit.
1304 1519 1493 1569 Denique
1519 1530 1600 1555 non
1633 1518 1703 1555 im-

222 1584 395 1638 peritum
427 1588 604 1639 Roeperi
641 1595 905 1628 commentum
941 1592 1094 1638 flavisse
1133 1602 1207 1639 ego
1246 1602 1326 1627 non
1367 1588 1468 1626 tanti
1499 1587 1626 1636 facio,
1661 1593 1704 1625 ut
1761 1608 1766 1614 ·

225 1656 489 1697 condemnem
518 1660 706 1697 habuisse.

336 1729 474 1781 Atque
509 1727 612 1767 haec
646 1730 812 1782 ⁴quidem
847 1743 936 1767 cum
968 1729 1211 1768 conveniant
1242 1729 1348 1766 omni
1376 1729 1435 1766 illi
1469 1729 1519 1767 de
1551 1729 1702 1767 itineri-

222 1799 297 1838 bus
334 1799 574 1847 narrationi,
611 1813 634 1836 a
674 1800 819 1838 ceteris
848 1799 967 1849 longe
999 1799 1216 1837 abhorrent
1247 1812 1320 1837 eae
1347 1799 1564 1851 reliquiae,
1604 1813 1703 1852 quas

224 1865 405 1909 e'z'nedia
434 1869 690 1922 philosophia
718 1869 916 1908 delibatas
949 1883 1038 1908 esse
1068 1883 1133 1908 res
1163 1870 1252 1920 ipsa
1281 1868 1444 1908 indicat.
1505 1870 1606 1910 Sunt
1634 1857 1702 1908 au-

222 1946 305 1979 tem
332 1936 432 1980 hae:
1474 1990 1481 1995 ³

277 2006 293 2008 ..
334 2005 357 2053 8
431 2014 625 2060 Unamque
655 2014 752 2050 viam
783 2013 936 2049 Zenona
967 2012 1149 2050 moenisse
1177 2013 1272 2049 duce
1302 2013 1458 2056 virtute,
1491 2012 1591 2048 hanc
1621 2022 1703 2048 esse

422 2084 603 2120 nobilem:
644 2085 805 2121 alteram
837 2083 1073 2120 Carneadem
1102 2083 1364 2131 desubulasse,
1406 2083 1503 2118 bona
1531 2084 1705 2129 corporis

422 2158 604 2191 secutum.

333 2228 353 2264 7
421 2225 591 2279 Alteram
622 2227 719 2262 viam
740 2224 977 2273 deformasse
1001 2224 1236 2260 Carneadem
1257 2223 1408 2260 virtutis
1428 2234 1448 2260 e
1469 2225 1579 2271 cupis
1600 2225 1703 2260 acris

339 2288 353 2292 “
421 2297 528 2332 aceti.

222 2362 403 2413 Quorum
432 2364 542 2415 prius
572 2365 729 2402 Nonius
757 2364 881 2402 tradit
909 2379 950 2416 p.
981 2371 1038 2412 99,
1068 2371 1113 2405 30
1138 2364 1180 2401 in
1208 2363 1315 2409 hunc
1343 2361 1521 2400 modum:
1558 2362 1702 2399 ‘Desu-

219 2434 378 2470 bulare'
403 2436 626 2482 perfodere.
662 2437 702 2473 V.
744 2436 849 2483 Sesq.
880 2435 1019 2473 ‘unam
1045 2438 1191 2474 veniam
1218 2446 1403 2472 essenona
1426 2436 1583 2471 movisse
1608 2435 1703 2478 duee

207 2503 374 2541 fvirtute'
406 2516 440 2542 e.
473 2517 511 2556 q.
545 2517 576 2542 s.
635 2505 803 2543 Leviter
833 2492 1098 2557 depravatum
1130 2518 1246 2543 unam
1279 2506 1425 2542 veniam
1457 2516 1545 2540 cum
1574 2502 1701 2553 tripli-

222 2574 320 2611 citer
350 2580 574 2617 correctum
604 2574 752 2612 iverint
786 2580 854 2613 aut
889 2588 1004 2613 unam
1037 2579 1135 2614 viam
1175 2579 1243 2613 aut
1279 2585 1471 2622 unamque
1497 2576 1595 2611 viam
1635 2577 1703 2610 aut

219 2656 336 2681 unam
364 2646 463 2681 enim
489 2641 599 2697 aiam,
629 2657 766 2682 eorum
794 2645 947 2683 nullum
974 2651 1048 2693 est,
1081 2645 1190 2698 quod
1217 2659 1298 2683 non
1329 2658 1403 2683 sua
1426 2644 1583 2683 ratione
1610 2656 1709 2695 pro--
1741 2657 1745 2660 ⁴

219 2713 308 2751 bari
342 2715 483 2766 possit.
516 2714 590 2752 >In
628 2714 705 2752 hac
750 2709 899 2754 forma‘
922 2728 1107 2754 essenona
1128 2716 1331 2766 ,Scaliger
1370 2717 1412 2754 in
1453 2713 1699 2752 Ausonianis

218 2783 458 2822 lectionibus
487 2784 533 2822 II
562 2791 604 2825 31
639 2783 719 2835 (ed.
740 2785 872 2835 Lugd.
901 2791 989 2827 1574
1009 2801 1050 2838 p.
1076 2786 1161 2837 173)
1201 2788 1375 2825 Zenonis
1403 2797 1549 2824 nomen
1578 2774 1701 2832 agno-⁴

219 2854 297 2891 vit:
329 2855 370 2892 in
401 2868 478 2906 quo
508 2856 670 2893 nomine
699 2855 809 2908 quod
838 2867 876 2892 ss
910 2856 1096 2894 scribitur
1125 2870 1197 2908 pro
1228 2869 1269 2903 z,
1303 2856 1355 2894 cf.
1389 2866 1493 2906 quae
1529 2850 1579 2890 O.
1602 2850 1699 2889 Rib-

218 2923 386 2964 beckius
427 2925 477 2965 de
515 2927 718 2965 Mezentio
751 2925 971 2978 disputavit
1000 2927 1041 2964 in
1070 2939 1175 2964 novo
1206 2938 1343 2963 museo
1374 2923 1506 2962 Rhen.
1541 2922 1630 2960 XII
1661 2935 1698 2973 p.
