1898 3236
267 242 343 284 184
843 230 1183 303 oomssc‘rANl-JA.

266 359 427 398 Horatii
466 358 576 406 dico,
621 370 739 410 quem
781 370 869 396 cum
902 358 997 397 olim
1039 359 1221 399 nonnulli
1259 374 1349 400 cum
1382 361 1575 414 Varronis
1616 369 1752 403 satura

268 429 518 477 conferrent,
572 441 648 467 nec
697 441 787 466 eam
832 429 1132 469 similitudinem
1186 444 1263 484 quo
1310 433 1481 472 maxime
1531 434 1753 485 pertineret

266 505 549 552 perceperunt,
582 513 658 539 nec
682 499 735 538 ad
762 499 1024 551 explicandas
1047 501 1240 540 Varronis
1264 502 1458 555 reliquias
1482 503 1641 554 longius
1661 517 1750 556 per-

267 571 396 609 secuti
423 576 527 610 sunt.
577 571 686 622 Ergo
718 569 961 618 adscribam,
992 583 1096 622 quae
1125 571 1204 610 huc
1230 572 1449 612 referenda
1467 573 1696 623 videantur,
1729 588 1751 614 e

266 647 405 680 satura
438 642 664 680 Horatiana
695 640 756 693 (II
782 640 844 692 3),
887 654 968 694 qua
1005 645 1127 693 poeta
1156 643 1451 696 Damasippum
1477 658 1557 684 non
1589 645 1752 699 quidem

266 725 317 751 ex
348 725 419 751 suo
451 725 586 760 sensu,
618 711 691 751 sed
721 725 743 750 e
772 716 906 750 mente
928 711 1109 753 Stertinii
1126 715 1242 753 stoici
1263 709 1389 766 δόγμα
1409 715 1510 754 illud
1537 716 1751 754 stoicorum

263 777 323 822 ὅτι
348 778 490 830 πάντες
513 780 635 835 μωροὶ
657 781 865 833 μαίνονται
886 784 1161 836 exemplorum
1182 785 1412 838 frequentia
1434 785 1621 826 illustrat.
1665 787 1748 826 Ita-

266 868 344 908 que
375 854 590 894 Stertinius
621 855 915 907 Damasippum
945 855 1057 903 olim,
1098 868 1188 894 cum
1215 868 1259 894 se
1290 855 1416 894 vellet
1446 862 1587 909 operto
1619 858 1750 910 capite

265 926 307 964 in
333 926 483 965 flumen
511 926 685 974 mittere,
714 920 772 964 ita
802 923 1083 978 appellaverat
1119 923 1175 977 (v.
1201 924 1287 977 39):

859 1017 1004 1060 Pudor,
1032 1018 1166 1064 inquit,
1198 1021 1233 1053 te
1262 1018 1386 1054 matus
1417 1019 1534 1066 anyit,

468 1088 633 1125 Insanos
663 1089 730 1135 qui
755 1088 855 1124 inter
881 1097 1040 1124 vereare
1068 1089 1230 1126 insanus
1259 1089 1404 1126 haberi.

263 1191 300 1215 v.
330 1183 375 1218 46
944 1200 951 1203 »
1002 1189 1104 1215 nunc
1129 1180 1281 1226 accipe,
1313 1189 1435 1226 quare

466 1248 666 1296 Desipiant
696 1258 824 1285 omnes
854 1257 973 1295 aeque
1003 1259 1050 1284 ac
1083 1254 1142 1294 tu,
1174 1250 1241 1297 qui
1269 1250 1336 1287 tibi
1363 1261 1497 1287 nomen

466 1319 610 1356 Insano
635 1328 813 1366 posuere.

264 1420 329 1458 Ita
368 1419 454 1458 fere
498 1419 726 1471 putaverim
756 1418 980 1458 Veritatem
1018 1432 1180 1472 quoque
1211 1421 1503 1460 Varronianam
1531 1435 1642 1470 eum,
1681 1423 1750 1474 qui

265 1504 309 1529 se
338 1491 483 1529 mentis
514 1491 649 1528 furore
677 1494 842 1541 propter
871 1489 1073 1529 hominum
1100 1491 1250 1529 famam
1283 1489 1353 1542 (cf.
1375 1493 1424 1530 fr.
1449 1492 1489 1538 I)
1521 1497 1749 1543 correptum

265 1560 478 1609 credebat,
509 1560 755 1612 appellasse.
816 1559 1023 1612 Deinceps
1055 1560 1269 1600 Stertinius
1301 1574 1415 1600 suum
1443 1575 1656 1600 recensum
1685 1561 1748 1600 his

263 1630 446 1669 versibus
477 1630 648 1668 orditur:
680 1643 719 1668 v.
749 1615 792 1671 77
824 1643 913 1682 sqq.

466 1722 610 1758 Audire
640 1725 753 1768 atque
783 1726 907 1769 toycam
934 1722 1041 1758 iubeo
1066 1733 1291 1770 componere
1320 1725 1491 1771 quisquis

466 1792 675 1828 Ambitione
704 1792 806 1828 mala
836 1796 903 1828 aut
934 1794 1086 1839 arqenti
1108 1794 1231 1839 pallet
1258 1804 1399 1838 amore,

467 1863 646 1909 Quisquis
674 1862 834 1897 luxuria
859 1863 1002 1899 tristive
1030 1864 1299 1909 superstitione

465 1933 542 1970 Aut
571 1932 645 1968 alio
676 1934 810 1968 mentis
839 1933 966 1969 morbo
994 1934 1092 1969 calet
1118 1953 1174 1958 ——
1202 1933 1276 1969 huc
1298 1917 1470 1979 propius
1500 1943 1576 1976 me,

465 2003 565 2040 Dum
591 2004 704 2039 doceo
733 2004 905 2040 insanire
931 2014 1078 2048 omnes,
1111 2013 1175 2041 vos
1205 2005 1338 2044 ordine
1363 2004 1476 2039 adite.

467 2074 608 2111 Danda
634 2078 691 2110 est
719 2074 873 2111 ellebori
899 2076 1013 2112 multo
1038 2086 1136 2122 pars
1166 2076 1336 2111 maxima
1365 2075 1505 2111 avaris.

263 2177 373 2225 Ergo
410 2175 581 2226 primam
612 2174 826 2213 Stertinius
865 2173 969 2225 (sive
999 2173 1290 2227 Damasippus)
1331 2174 1541 2221 avaritiam
1577 2174 1744 2226 profert,

264 2258 369 2296 quae
406 2250 610 2295 postrema
639 2245 713 2283 fuit
744 2246 784 2283 in
815 2247 1001 2297 compari·
1022 2259 1193 2285 recensu
1223 2245 1436 2285 Varronis:
1491 2247 1652 2293 denique
1682 2248 1748 2293 qui

260 2320 308 2354 sit
337 2328 481 2354 avarus
508 2317 636 2354 Sanus
666 2329 701 2354 e.
733 2331 770 2368 q.
801 2329 832 2354 s.
867 2315 1072 2367 (XXII-I).
1134 2316 1323 2355 Ceterum
1349 2314 1456 2367 quod
1482 2315 1610 2353 Varro
1635 2314 1745 2363 dicit,

263 2368 429 2425 avarum
460 2387 579 2424 etiam
611 2387 643 2423 si
677 2386 810 2423 omnia
838 2374 1099 2438 suppeterent
1124 2388 1298 2435 furando
1326 2391 1463 2425 tamen
1490 2399 1649 2437 semper
1673 2386 1743 2424 ali-

265 2456 361 2509 quid
389 2469 585 2508 quaerere
615 2455 768 2506 peculi,
799 2469 851 2493 ne
881 2455 931 2493 ab
963 2469 1010 2494 eo
1043 2456 1205 2507 quidem
1233 2457 1425 2494 Horatius
1453 2455 1620 2503 abludit,
1654 2469 1744 2493 oum

265 2529 321 2566 ait
352 2526 409 2578 (v.
440 2533 503 2568 125
534 2525 665 2578 sqq.):

1137 2607 1277 2643 quare,

466 2668 509 2706 Si
539 2669 688 2716 quidvis
717 2669 812 2705 satis
841 2672 915 2712 est,
941 2668 1145 2715 periuras,
1176 2668 1362 2714 surripis,
1392 2666 1528 2714 aufers

473 2740 669 2787 Undique?
700 2743 767 2777 tun
796 2743 940 2774 sanus?
994 2766 998 2771 .

265 2827 423 2879 Quodsi
459 2829 500 2866 in
537 2828 767 2867 universum
806 2826 928 2866 dubia
963 2839 1053 2864 esse
1087 2832 1262 2878 nequeat
1302 2826 1575 2866 Varronianae
1613 2825 1742 2863 Hora—

264 2899 481 2951 tianaeque
507 2896 732 2938 saturarum
762 2894 999 2945 similitudo,
1031 2898 1128 2936 satis
1161 2896 1408 2935 confidenter
1436 2895 1533 2933 licet
1557 2894 1605 2932 fr.
1638 2894 1744 2932 XXI
