1898 3236
725 269 1070 309 οοΝῐΕοτᾼΝΕΑ.
1585 261 1632 307 61

152 385 303 418 Bummcu
331 378 381 418 fr.
410 384 476 419 24:

356 459 491 507 Ipsam
519 467 690 506 propere
718 458 786 494 vix
814 455 944 494 liberti
969 454 1185 493 semidtrati
1210 430 1502 502 exsequidnlur.

153 551 195 589 in
230 563 309 602 quo
345 559 513 598 propere
551 545 697 598 scripsi
715 552 723 561 '
738 558 810 598 pro
844 551 1009 593 propter
1044 544 1154 597 quod
1184 544 1317 583 estin
1345 543 1480 582 libris:
1520 555 1641 595 quam

156 619 447 672 correctionem
482 631 563 666 non
598 629 742 656 versus
779 617 912 667 gratia
947 616 1098 654 factam
1137 613 1190 653 ad
1228 618 1317 652 e'am
1354 618 1532 652 saturam
1571 611 1640 651 de-

156 690 319 730 fendam
345 688 667 740 sententiamque
694 701 839 726 versus
869 687 1062 740 aperiam.

154 767 385 800 Aaronxmc
415 760 466 798 fr.
497 759 659 797 unicum
671 773 680 796 ε

269 838 282 861 '
354 853 464 889 Haec
490 849 687 898 ldniqeras
715 850 916 887 detonderi
942 848 1072 886 docuit
1095 849 1344 895 tunicamque
1375 847 1593 884 homonum.

153 943 204 989 In,
232 955 313 995 quo
339 956 429 981 cum
448 939 632 979 Kochius
664 941 900 991 agnovisset
926 952 1114 979 numeros
1147 935 1334 988 (Oehleri
1362 950 1482 975 aures
1506 941 1551 974 ut
1579 949 1643 974 so—.

153 1014 239 1052 lent
267 1013 498 1052 hebetiores
528 1009 733 1063 fuerunt),
775 1023 873 1049 casu
900 1010 968 1049 vel
1001 1008 1157 1048 infelici
1184 1008 1445 1047 festinatione
1476 1007 1644 1045 monstri

155 1083 251 1138 quid
281 1085 442 1137 peperit
468 1085 510 1122 in
540 1080 899 1123 exercitationibus
926 1095 966 1133 p.
997 1086 1063 1121 25:
1104 1110 1106 1112 v
1130 1125 1145 1128 ᾳ

1128 1160 1225 1202 haec

355 1236 570 1283 Laniqeras
597 1235 797 1272 detonderi
823 1234 951 1271 docuit
980 1233 1230 1279 tunicareque
1254 1230 1472 1273 homullum,

154 1332 334 1364 Vmor-n:
358 1330 505 1362 Divmn:
534 1324 584 1363 fr.
613 1330 655 1365 6:

357 1418 444 1455 Non
480 1416 742 1465 quaerendam
778 1413 940 1460 homini,
986 1416 1056 1462 qui
1089 1415 1201 1451 habet
1242 1413 1437 1456 virtatem,
1473 1410 1646 1458 paenula

1376 1485 1416 1520 in
1446 1482 1569 1519 imbri.

155 1575 323 1617 Hia'tum
363 1579 433 1630 qui
471 1582 535 1616 est
565 1578 607 1615 in
642 1577 706 1615 his
737 1580 809 1624 qu‘n‘
833 1576 948 1613 habet
977 1573 1122 1613 eadem
1150 1575 1308 1615 ratione
1337 1572 1523 1618 vindico,
1566 1584 1648 1623 qua

159 1648 384 1687 consimilia
416 1647 553 1687 Plauti
586 1646 776 1698 exempla
810 1652 904 1698 post
932 1646 1210 1693 Hermannum
1239 1643 1430 1697 probavit
1458 1642 1646 1681 Ritsche-

158 1719 237 1757 lius
267 1719 310 1757 in
337 1712 637 1770 prolegomenis
664 1717 718 1756 ad
746 1715 1027 1757 Trinummum
1056 1731 1096 1769 p.
1130 1727 1249 1754 cem.
1303 1714 1393 1753 Nec
1418 1713 1558 1766 dispar
1587 1719 1650 1751 est

157 1790 235 1828 hoc
250 1789 480 1842 exemplum
495 1790 538 1828 in
551 1789 735 1837 senariis,
757 1789 827 1841 qui
846 1789 1036 1840 Roepero
1057 1786 1268 1834 debentur,
1290 1790 1491 1822 Protei-nm
1515 1785 1566 1835 fr,
1586 1791 1647 1826 16:

403 1922 405 1925 ι
619 1910 626 1916 ,
1038 1869 1080 1905 id
1106 1868 1148 1904 t'et
1173 1870 1276 1904 scias

358 1940 462 1977 Audi
487 1940 560 1977 ho'c
586 1940 690 1987 quod
713 1938 858 1986 falsum
888 1939 986 1982 dicis
1015 1949 1110 1985 esse,
1141 1939 1286 1978 ne'mini

319 2032 328 2038 x
363 2011 501 2055 Oculos
529 2021 736 2059 opus.esse
765 2011 802 2048 εἴ
828 2011 942 2048 habet
971 2039 980 2049 .
1041 2038 1054 2054 .,
1111 2041 1121 2049 .
1183 2041 1193 2050 .
1254 2041 1264 2050 .

159 2100 243 2139 Sed
275 2100 352 2138 hoc
381 2100 496 2139 hiatu
530 2101 699 2140 multum
731 2100 847 2139 abest
874 2106 919 2139 ut
949 2113 1025 2151 ego
1057 2099 1298 2156 defensitem
1329 2100 1444 2140 illum
1472 2112 1649 2144 versum,

160 2171 272 2209 cuius
314 2183 438 2209 causa
472 2170 575 2210 haec
609 2154 833 2224 disputavi:
877 2173 967 2224 qui,
1009 2172 1043 2210 si
1077 2178 1140 2210 est
1164 2170 1501 2222 AristophaniuS,
1541 2168 1652 2222 quod

159 2247 269 2293 puto,
299 2256 381 2280 non
403 2241 482 2280 nisi
510 2241 589 2279 hoc
615 2241 734 2280 modo
765 2241 974 2280 commode
1002 2242 1174 2292 legitur:

362 2333 407 2370 Si
432 2333 508 2370 non
536 2334 644 2369 malit
671 2335 732 2378 vir
762 2332 942 2370 viriatum
966 2333 1012 2370 εἴ
1034 2333 1178 2378 habere
1207 2345 1371 2372 uxorem
1391 2333 1623 2373 Atala'ntam.

160 2429 204 2461 ut
232 2423 311 2461 hoc
340 2423 393 2460 sit
421 2422 586 2460 tertium
614 2421 786 2473 legitimi
813 2422 921 2462 illius
950 2422 1084 2462 hiatus
1114 2437 1204 2463 cum
1232 2425 1485 2477 correptione
1513 2438 1650 2463 mono-

161 2492 311 2545 syllabi
350 2492 579 2544 exemplum
616 2493 832 2532 Varronis:
873 2505 915 2532 se
950 2494 1123 2533 voculae
1163 2509 1284 2548 quam
1325 2497 1478 2536 inserui
1514 2496 1654 2535 nescio

162 2578 214 2602 an
258 2564 452 2603 indicium
499 2563 666 2617 aliquod
700 2565 743 2604 in
784 2578 834 2604 ea
869 2565 1072 2618 scriptura
1104 2566 1320 2606 Leidensis
1364 2574 1498 2618 extet,
1533 2581 1655 2621 quam

162 2648 286 2686 supra
313 2635 549 2674 memoravi.
606 2636 830 2675 Praeterea
857 2637 1088 2688 transposui
1120 2639 1263 2676 habere
1291 2651 1468 2677 uxorem.

274 2708 408 2758 Pergo
454 2719 504 2745 ex
547 2705 672 2757 longa
712 2706 985 2758 digressione,
1040 2721 1161 2760 quam
1205 2722 1271 2747 res
1313 2709 1403 2761 ipsa
1449 2707 1654 2759 exigebat,

164 2777 216 2825 ad
252 2777 301 2815 fr.
339 2777 398 2817 V:

364 2859 439 2894 Aut
468 2859 532 2905 ille
559 2868 713 2903 cervum
739 2860 809 2906 qui
832 2869 997 2906 currens
1027 2861 1185 2898 volabile

365 2930 492 2978 Sparo
521 2933 677 2966 seculus
706 2931 904 2978 truqulave
934 2933 1074 2969 traicit.
