1898 3236
262 229 339 268 194
828 234 1167 268 comnc‘rANEA.

258 342 392 380 monia
419 341 609 380 Gelliana
640 339 750 391 (nolo
786 341 891 378 enim
920 354 1026 378 nunc
1056 340 1108 379 ad
1139 340 1238 379 alias
1268 341 1435 380 aliorum
1463 341 1653 380 librorum
1678 343 1737 380 in-

259 412 495 463 scriptiones
534 411 749 463 expatiari)
787 412 1009 463 perlustro,
1046 424 1097 449 ne
1136 411 1329 451 credibile
1367 411 1530 464 quidem
1565 412 1738 460 videtur,
1772 431 1775 434 ·

260 496 349 521 eum
377 485 531 530 scripsit
559 480 690 533 potius
721 495 841 533 quam
864 484 1061 531 inscripsit
1093 481 1338 520 exhibuisse.
1397 482 1611 534 Apponam
1644 482 1740 522 Gel-

259 553 302 590 lii
334 553 446 590 locos
478 564 616 590 omnes
647 551 784 603 (pauci
811 552 944 604 sunt),
973 552 1117 605 quibus
1149 552 1303 605 aliquid
1333 552 1383 590 de
1415 554 1562 590 saturis
1593 554 1739 592 Varro-

258 625 319 661 nis
349 623 563 662 delibavit:
596 623 656 662 VI
688 628 740 670 16,
774 630 787 663 l
828 625 879 661 M.
919 625 1043 662 Varro
1070 627 1109 662 in
1139 631 1288 670 satura,
1319 637 1432 672 qiutm
1463 620 1551 671 περὶ
1579 618 1740 673 ἐδεσμά-

259 708 336 732 των
363 696 578 743 inscripsit,-
607 695 687 734 XV
719 701 774 743 19,
806 702 817 735 l
861 697 912 733 M.
953 697 1076 733 Varro
1108 697 1197 733 dicit
1227 697 1266 732 in
1300 699 1448 739 satura,
1479 704 1577 741 qaae
1606 696 1743 731 inscri-

259 768 360 803 bitur
395 761 484 815 περὶ
527 758 763 815 ἕδεσμοῖτωνς
808 766 891 804 VII
926 773 968 814 5,
998 774 1042 806 10
1078 768 1200 803 satira
1230 765 1282 801 M.
1323 765 1528 810 Varronis,
1558 776 1656 812 quae
1685 767 1742 802 in-

258 838 404 883 scripta
437 843 492 873 est
522 833 583 882 δὶς
605 833 744 881 παῖδες
768 834 810 872 οἱ
835 833 1034 887 ysenam-893
1072 837 1139 874 III
1169 842 1224 883 18,
1256 843 1277 876 ὃ
1307 836 1360 873 M.
1393 842 1518 872 autem
1555 837 1680 873 Varro
1705 838 1743 872 in

258 909 380 944 satira
410 907 626 954 Menippea,
657 919 756 955 qaae
778 898 1000 945 Ἱπποκόων
1025 910 1211 954 inscripta
1232 912 1309 947 est,·
1339 906 1451 943 XIII
1472 913 1530 953 31,
1558 913 1580 947 3
1607 908 1744 944 librum

259 988 311 1014 ex
345 979 462 1014 isdem
498 980 644 1015 saturis
686 1008 692 1015 .
734 1008 741 1015 .
785 981 852 1026 qui
877 970 1105 1028 ‘Ydoomicov
1135 979 1344 1023 inscriptus
1374 982 1451 1017 est:
1495 976 1605 1014 XIX
1631 983 1667 1023 8,
1704 981 1743 1017 17

258 1050 298 1085 in
337 1049 432 1085 libro
466 1054 689 1086 saturarum
728 1050 780 1087 M.
828 1050 1034 1094 Varronis,
1080 1050 1146 1095 qai
1181 1049 1391 1094 inscriptus
1422 1051 1477 1083 est
1508 1048 1743 1084 Eoedeme-

260 1121 406 1158 licus:
443 1118 463 1155 I
494 1123 558 1165 22,
583 1125 606 1158 4
643 1121 695 1159 M.
734 1122 858 1157 Varro
887 1123 925 1156 in
954 1122 1095 1165 satira,
1134 1129 1232 1166 quae
1256 1120 1444 1164 inscripta
1469 1123 1545 1154 est:
1581 1118 1743 1153 nescis

261 1190 376 1236 quid
412 1199 583 1235 vesper
618 1192 775 1228 vehat,
836 1190 947 1227 XIII
990 1196 1051 1235 11,
1094 1196 1106 1228 l
1153 1189 1266 1224 Liber
1298 1192 1353 1223 est
1384 1187 1436 1223 M.
1477 1188 1662 1224 Varronis
1694 1197 1746 1222 ex

259 1261 390 1296 satiris
419 1259 652 1307 Menippeis,
689 1263 756 1308 qui
783 1263 1026 1298 inscribitur:
1066 1262 1226 1297 nescis
1263 1260 1378 1306 quid
1406 1267 1578 1304 vesper
1607 1267 1747 1294 serus

262 1330 416 1367 vebat.
488 1329 641 1367 Horum
692 1331 966 1382 exemplorum
1017 1329 1283 1369 constantiam
1328 1326 1603 1365 consideranti
1649 1326 1746 1365 mihi
1789 1331 1791 1334 ’

261 1399 445 1452 quidem,
486 1401 624 1437 nescio
654 1414 706 1438 an
735 1400 857 1439 etiam
887 1402 999 1450 aliis,
1031 1399 1239 1453 probabile
1268 1398 1446 1444 videtur,
1485 1396 1554 1435 illo
1585 1410 1744 1449 quoque

261 1468 368 1507 unde
393 1470 564 1521 profecti
589 1485 724 1510 sumus
746 1472 836 1510 loco
858 1475 1055 1520 inscripsit
1074 1484 1163 1508 esse
1183 1469 1318 1509 Gellio
1341 1466 1652 1506 restituendum:
1679 1465 1747 1503 ubi

261 1540 295 1578 si
325 1543 479 1588 scripsit
509 1555 582 1592 per
613 1557 656 1581 se
688 1544 862 1595 quidem,
891 1542 1044 1594 absque
1078 1539 1368 1579 consuetudine
1398 1538 1626 1589 scriptoriS,
1650 1536 1747 1574 ferri

262 1617 416 1662 potest,
462 1611 503 1649 id
540 1618 696 1661 tamen,
742 1614 849 1666 quod
886 1613 997 1652 XIII
1023 1618 1089 1660 23,
1121 1618 1143 1652 4
1183 1612 1223 1649 in
1263 1609 1442 1656 Hertzii,
1472 1622 1553 1646 non
1583 1608 1677 1646 item
1706 1607 1746 1645 in

263 1681 458 1720 Gronovii
486 1682 670 1733 exemplo
697 1683 929 1723 exhibetur:
961 1685 1012 1721 M.
1049 1684 1173 1721 Varro
1203 1685 1242 1719 in
1272 1686 1408 1718 satura
1439 1687 1536 1728 quae
1566 1682 1748 1717 scribitur

264 1750 506 1802 Σκιομαχία,
545 1751 704 1801 omnino
741 1767 820 1791 non
855 1754 1016 1792 videtur
1052 1752 1213 1804 probari
1251 1765 1393 1804 posse:
1437 1750 1502 1789 vel
1541 1750 1575 1789 si
1611 1755 1747 1788 tamen

262 1829 343 1862 tam
383 1823 460 1860 hoc
502 1821 590 1860 loco
626 1824 810 1860 scribitur
858 1837 977 1875 quam
1017 1823 1089 1861 illo
1124 1825 1280 1870 scripsit
1310 1821 1572 1868 obtinebitur,
1612 1835 1664 1859 ne
1691 1821 1747 1858 sic

262 1893 424 1946 quidem
464 1897 526 1931 est
560 1891 668 1944 qnod
705 1891 788 1930 illic
825 1894 1001 1933 Gellium
1046 1898 1325 1943 argumentum
1362 1897 1522 1929 saturae
1551 1876 1744 1938 indicare,

261 1977 342 2002 non
371 1964 515 2002 afferre
545 1963 847 2014 inscriptionem
877 1965 1055 2003 voluisse
1086 1963 1344 2002 arbitremur:
1374 1961 1538 2014 'quando
1560 1961 1637 1999 hoc
1661 1961 1746 2012 qui-

263 2036 354 2074 dem
397 2042 533 2073 satura
579 2045 677 2082 quae
709 2038 890 2074 scribitur
925 2033 1147 2086 Σκιομαχία
1181 2047 1261 2071 non
1300 2037 1435 2085 potest
1471 2032 1549 2070 nisi
1595 2030 1645 2068 de
1687 2029 1746 2067 in—

264 2108 481 2158 scriptione
520 2111 681 2145 saturae
722 2107 924 2157 intellegi:
961 2112 1006 2145 ut
1042 2105 1344 2156 inscriptionem
1373 2101 1595 2153 logistorici
1629 2100 1744 2138 citari

262 2177 519 2215 manifestum
551 2183 612 2216 est
640 2178 701 2215 his
732 2177 867 2216 verbis
898 2178 1023 2217 XVII
1049 2183 1090 2217 18
1120 2178 1173 2214 M.
1205 2176 1330 2213 Varro
1359 2204 1367 2212 .
1398 2204 1405 2211 .
1434 2176 1474 2211 in
1501 2174 1607 2218 libro,
1638 2183 1745 2220 quem

262 2250 417 2295 scripsit
454 2250 571 2286 Pius
610 2253 695 2285 aut
732 2250 785 2286 de
820 2260 963 2296 pace,
1001 2247 1070 2285 ubi
1109 2245 1295 2298 equidem
1325 2258 1446 2295 aegre
1478 2243 1747 2282 dubitaverim

211 2310 217 2317 ¹
261 2321 458 2366 inscripsit
500 2332 709 2370 reponere.
770 2319 921 2358 Verum
958 2317 1154 2369 quidquid
1191 2316 1242 2354 de
1279 2316 1328 2354 iis
1376 2315 1605 2366 scripturiS,
1648 2326 1747 2365 quas

265 2388 437 2435 suadeo,
484 2388 747 2436 iudicabitur,
789 2394 944 2427 tantum
977 2388 1046 2426 illo
1086 2387 1309 2426 indubitato
1351 2385 1534 2436 exemplo
1575 2389 1745 2431 constat,

265 2457 440 2496 Gellium
476 2472 557 2495 non
599 2453 717 2496 alit'er
755 2463 875 2510 atque
913 2459 1166 2496 priscianum
1207 2462 1363 2495 saturas
1402 2455 1676 2495 Varronianas
1708 2460 1748 2492 et

264 2542 342 2566 uno
382 2528 565 2567 attulisse
600 2529 756 2576 indice,
795 2541 962 2580 quarum
1000 2527 1077 2565 duo
1110 2529 1338 2566 etiamnunc
1369 2532 1529 2574 extant,
1574 2524 1615 2564 et
1644 2538 1746 2577 quae

264 2599 394 2638 Varro
433 2611 580 2654 graece
616 2599 825 2646 extulerit,
867 2611 917 2636 ea
961 2597 1098 2635 latinis
1138 2598 1272 2636 verbis
1306 2612 1499 2650 expressa
1527 2596 1746 2635 rettulisse.

265 2669 402 2720 Atque
424 2668 582 2708 Gellius
614 2683 703 2708 cum
731 2669 880 2708 nullius
906 2674 1070 2706 saturae
1093 2667 1294 2719 duplicem
1318 2669 1475 2707 titulum
1498 2667 1744 2720 apposuerit,

267 2745 490 2777 ceterarum
519 2754 600 2778 non
629 2745 764 2791 potest
793 2739 1021 2777 testimonio
1053 2738 1187 2789 aliquo
1210 2739 1338 2778 altera
1358 2752 1516 2792 quoque
1539 2737 1744 2788 inscriptio

266 2810 460 2860 proferri,
496 2816 656 2861 praeter
688 2809 955 2859 Σκιομαχίαν,
996 2822 1116 2860 quam
1153 2809 1308 2846 Nonius
1342 2805 1431 2859 περὶ
1460 2804 1591 2856 τύφου
1619 2807 1744 2844 fuisse

265 2879 477 2930 perhibuit.
537 2881 641 2918 Nam
665 2880 772 2931 quod
801 2880 910 2917 XIII
940 2885 997 2926 29,
1026 2888 1045 2920 5
1077 2878 1225 2926 scribit,
1255 2890 1302 2916 ne
1325 2881 1443 2926 plane
1466 2880 1537 2925 fiat
1561 2887 1743 2925 yraecum
