1898 3236
744 242 1087 276 comacrANEA.
1585 235 1663 278 157

171 348 306 389 ficavi.
345 349 434 389 Nec
464 348 594 389 defuit
623 350 808 403 profecto
832 350 1019 399 Varroni,
1049 350 1309 403 pristinorum
1332 357 1555 403 temporum
1578 351 1662 390 lau-

175 420 327 468 datori,
367 422 539 461 materia
573 428 615 463 et
647 422 807 461 occasio
844 422 1100 461 immodicam
1131 421 1374 460 aedificandi
1401 423 1662 474 magnificen-

174 492 272 530 tiam
310 497 350 529 et
391 491 637 543 opulentiam
666 494 987 545 perstringendi,
1033 506 1139 547 quae
1169 494 1359 532 extremis
1388 495 1446 533 rei
1473 494 1662 547 publicae

174 562 382 600 Romanae
418 561 666 615 temporibus
703 564 745 602 in
784 564 1116 603 consuetudinem
1154 570 1337 603 venerat.
1399 565 1461 604 Of.
1493 566 1662 604 Momm-

175 646 296 671 senus
328 633 423 673 hist.
452 634 568 673 Rom.
596 634 663 673 III
689 649 728 687 p·
760 643 842 677 504.
873 641 954 678 606.
1083 626 1090 630 ,

286 735 391 776 XIV
413 734 492 787 (23)
531 737 579 775 Ut
604 738 831 777 hirundines
851 741 890 776 in
916 740 1053 776 culinis
1072 740 1176 776 obliti
1195 728 1273 776 luto
1292 740 1439 786 teyulas
1454 740 1662 787 sinyebant.

286 838 370 876 XV
400 836 479 890 (22)
519 841 567 877 At
602 842 641 878 in
673 843 860 890 seqetibus
881 847 971 889 post
1001 852 1158 878 messem
1189 842 1413 889 colligebant
1438 846 1663 888 stramenta,

173 911 242 956 qui
268 910 458 946 domicilia
487 913 666 949 colerent.

287 998 393 1038 XVI
425 997 504 1051 (14)
536 1000 873 1054 Περιεχονταριαν
902 1004 996 1040 mihi
1020 1003 1146 1051 facies
1174 1005 1429 1041 maeandrata
1461 1008 1497 1040 el
1528 999 1662 1041 vermi·

173 1073 303 1109 calata
334 1077 448 1119 atque
475 1074 589 1109 etiam
620 1075 716 1112 adeo
739 1077 879 1123 pinyes
908 1076 1036 1113 orbem
1066 1080 1209 1113 terrae.

286 1161 413 1200 XVII
445 1160 525 1214 (16)
558 1157 825 1216 Λιθόστρωτα
848 1168 1071 1214 pavimenta
1097 1172 1133 1204 et
1157 1168 1333 1214 parietes
1361 1167 1606 1203 incrustatos.

175 1262 380 1302 Admonet
408 1263 479 1303 frr.
502 1265 609 1306 XIV
631 1271 672 1304 et
690 1266 773 1307 XV
803 1267 932 1307 Varro
952 1268 1113 1320 priscae
1135 1266 1438 1306 consuetudinis
1459 1280 1540 1319 qua
1557 1266 1663 1304 sole-

174 1334 274 1373 bant
297 1334 568 1374 ‘hirundinum
598 1336 715 1375 nidos
738 1343 778 1375 et
801 1336 1108 1389 aedificationes
1129 1351 1267 1376 earum
1287 1337 1490 1375 imitantes
1510 1336 1561 1376 de
1578 1337 1663 1375 luto

177 1412 218 1444 et
235 1406 403 1457 virgulis
422 1406 560 1445 facere
583 1407 688 1456 loca,
711 1421 816 1462 quae
837 1407 1047 1447 subirent&
1087 1409 1190 1449 Sunt
1210 1408 1387 1450 Vitruvii
1407 1407 1546 1455 verba,
1578 1408 1663 1461 qui-

175 1476 250 1516 bus
271 1477 386 1516 initia
415 1477 659 1517 aedificandi
678 1478 872 1518 describit
893 1480 938 1518 H
960 1488 993 1530 1,
1018 1486 1060 1520 2:
1094 1493 1116 1519 e
1139 1480 1251 1518 cuius
1273 1479 1546 1532 disputatione
1566 1478 1665 1517 licet

178 1549 357 1600 speciem
386 1549 503 1587 huius
534 1549 662 1588 omnis
692 1551 934 1589 narrationis
962 1551 1243 1591 Varronianae
1270 1551 1402 1589 animo
1430 1550 1664 1588 informare.

178 1619 242 1659 Of.
273 1633 379 1672 quae
406 1619 505 1658 ibid.
531 1618 558 1669 ἓ
580 1626 603 1661 3
633 1619 684 1659 de
710 1620 933 1675 parietibus
963 1621 1082 1661 dicit:
1104 1624 1351 1671 primumque
1373 1623 1502 1672 furcis
1530 1625 1668 1660 erectis

176 1696 213 1728 et
251 1693 410 1740 viryulis
444 1694 679 1740 interpositis
714 1694 792 1730 luto
823 1694 998 1740 parietes
1027 1699 1224 1732 texerunt.
1284 1695 1353 1731 alii
1385 1695 1510 1731 luteas
1536 1694 1668 1743 ylebas

177 1763 436 1812 arefacientes
472 1765 673 1802 struebant
696 1765 889 1812 parietes,
924 1767 1087 1802 materia
1117 1775 1181 1803 eos
1206 1754 1572 1814 inteyumentanies,
1612 1769 1664 1802 vi-

177 1835 367 1882 tandoque
396 1835 536 1871 imbres
563 1839 601 1871 et
629 1839 758 1886 aestus
787 1836 962 1884 teqebant
988 1837 1272 1874 harundinibus
1291 1842 1328 1874 et
1348 1836 1503 1884 fronde,
1533 1840 1573 1873 et
1596 1832 1622 1883 ξ
1644 1843 1666 1875 5

175 1906 214 1941 in
254 1905 437 1953 Capitolio
471 1905 798 1954 commonefacere
828 1912 957 1955 potest
993 1913 1029 1946 et
1064 1909 1284 1956 siqnificare
1316 1918 1441 1945 mores
1470 1909 1669 1944 vetustatis

178 1976 332 2013 Romuli
359 1987 452 2012 casa
482 1981 518 2013 et
546 1978 585 2014 in
617 1987 708 2014 aree
733 1987 935 2016 sacrorum
961 1980 1181 2015 stramentis
1209 1982 1320 2015 tecla.
1379 1977 1448 2015 Fr.
1474 1976 1581 2015 XIV
1610 1978 1667 2014 hi-

175 2050 360 2086 rundines
388 2050 427 2086 in
457 2049 594 2085 culinis
625 2046 838 2099 praeclare
865 2047 1040 2086 restituit
1068 2047 1263 2086 Rothius:
1298 2047 1339 2085 in
1364 2047 1667 2099 exemplaribus

166 2118 300 2157 'Nonii
319 2132 359 2171 p.
381 2125 462 2167 309,
488 2125 528 2158 15
558 2119 765 2155 hirundine
790 2119 990 2166 sinqulinis
1014 2117 1215 2164 scribitur,
1246 2116 1355 2170 quod
1375 2117 1574 2170 quomodo
1597 2117 1666 2155 alii

177 2190 468 2240 attemptarint,
494 2201 574 2227 non
606 2188 750 2226 attinet
782 2201 986 2228 enarrare.
1049 2190 1204 2227 Culinas
1229 2188 1385 2240 accipio
1416 2189 1458 2227 vi
1481 2187 1663 2239 vulgari:

175 2272 253 2297 nec
289 2257 477 2297 desidero
517 2259 745 2309 quaesitam
785 2257 953 2298 Oehleri
985 2259 1317 2311 explicationem:
1368 2259 1547 2316 ‘Suntne
1586 2259 1666 2298 hac

178 2329 337 2367 culinae
364 2330 589 2379 pauperum
616 2327 690 2367 illa
716 2329 928 2382 sepulcra,
968 2329 1019 2369 de
1050 2330 1195 2383 quibus
1225 2330 1422 2382 Aggenus
1454 2330 1665 2370 Commen-

178 2407 254 2438 tar.
289 2400 330 2437 in
358 2399 542 2437 Frontin.
575 2398 626 2438 de
656 2398 792 2438 Limit.
819 2401 966 2452 Agrar.
995 2416 1035 2454 p.
1055 2408 1101 2443 60
1131 2400 1195 2440 ed.
1228 2401 1360 2440 Goes:
1390 2408 1481 2440 sunt
1512 2404 1551 2440 in
1578 2405 1666 2441 sub-

178 2472 337 2508 urbanis
385 2471 468 2506 loca
516 2472 672 2518 publica
719 2474 872 2520 inopum
921 2475 1111 2511 destinata
1161 2474 1387 2522 funeribus,
1437 2486 1535 2523 quae
1583 2477 1667 2512 loca

177 2541 327 2576 culinas
363 2541 561 2589 appellant
572 2541 615 2578 ,θ’
674 2541 740 2580 De
779 2541 923 2594 quibus
957 2544 1092 2582 afferri
1121 2549 1282 2595 poterat
1311 2543 1450 2595 glossa
1481 2557 1503 2583 e
1534 2544 1666 2583 Paulo

176 2610 407 2648 breviatore
445 2611 558 2650 Festi
595 2625 635 2664 p.
675 2618 719 2653 65
747 2613 809 2652 M:
847 2616 976 2652 culina
1014 2621 1173 2653 vocatur
1203 2617 1326 2661 locus,
1362 2618 1401 2654 in
1428 2629 1502 2665 quo
1530 2619 1667 2664 epulae

175 2685 215 2719 in
241 2682 385 2730 funere
414 2683 704 2744 fomburunlur.
766 2682 832 2722 Cf.
872 2683 1058 2735 Scaliger
1083 2687 1124 2725 in
1156 2685 1368 2739 catalectis
1397 2701 1438 2738 p.
1468 2693 1550 2727 228.
1598 2689 1666 2726 Fr.

175 2753 258 2791 XV
296 2752 457 2791 obtineo
496 2756 582 2802 qui,
619 2766 691 2805 pro
730 2756 867 2802 quibus
904 2756 971 2794 vel
1009 2759 1113 2807 quis,
1154 2756 1203 2796 ad
1238 2763 1450 2795 stramenta
1481 2757 1666 2796 relatum.

177 2825 226 2862 In
266 2823 380 2862 libris
416 2837 457 2875 p.
488 2830 574 2871 251,
614 2831 660 2866 30
696 2838 776 2862 non
816 2826 1020 2874 variatur,
1061 2828 1138 2865 nisi
1169 2827 1276 2880 quod
1308 2830 1395 2876 quis
1420 2841 1494 2867 ms,
1525 2828 1666 2877 Fabri,

147 2908 249 2949 'quo
279 2895 500 2934 Bernensis
532 2893 711 2934 exhibet.
