1898 3236
232 237 310 277 164
511 272 515 278 ,
803 245 1138 276 CONIECTANEA.

229 349 471 389 Gerlachius
502 348 569 388 vel
597 347 798 387 Ochlerus
827 349 986 403 reliqua
1009 350 1310 402 expediverint,
1341 350 1525 402 dispicio.
1583 350 1709 388 Immo

229 418 323 457 dum
345 420 583 470 scripturam
602 419 731 457 Nonii·
745 425 886 471 reputo
905 425 945 458 et
961 419 1288 472 probabilitatem
1303 419 1530 461 sententiae
1549 431 1708 471 sequor,

229 490 333 528 haec
369 490 580 540 scripsisse
619 490 843 529 Varronem
884 491 980 529 mihi
1015 490 1264 543 persuadeo:
1316 493 1400 529 Non
1438 493 1541 530 vides
1570 493 1610 528 in
1634 503 1710 538 pu-

227 564 321 599 blico
348 567 435 598 ante
464 563 656 607 tabernas,
687 574 763 610 qua
788 563 957 610 populus
984 565 1146 609 proinde
1177 567 1218 599 ut
1247 564 1285 599 in
1313 568 1424 599 arato
1448 573 1594 610 porcas
1624 563 1710 599 red-

229 635 307 669 dit?
365 631 414 668 In
445 631 588 682 quibus
621 645 711 670 cum
740 632 811 670 illa
841 633 899 670 sic
928 632 970 670 in
1001 633 1165 685 antiquo
1194 631 1334 670 codice
1366 636 1532 670 exarata
1562 631 1711 669 fuerint

225 705 266 740 in
290 697 535 750 publicante,
578 708 760 755 apertum
797 703 864 755 qui
894 693 988 741 inde
1019 708 1148 741 ortum
1179 703 1230 741 sit
1258 702 1359 741 illud
1392 701 1500 754 quod
1528 701 1620 739 libri
1650 710 1709 740 te-

227 777 326 811 nent
363 774 402 809 in
428 773 584 818 publica
614 779 732 812 noete.
794 773 892 812 Vult
928 778 1063 811 autem
1094 778 1188 811 ante
1219 771 1408 811 tabernas
1437 771 1544 824 quod
1573 771 1709 823 lapide

227 849 379 881 stratae
422 842 516 880 viae
560 857 640 882 non
685 845 783 891 sint,
829 843 968 895 populi
1015 842 1286 882 ambulatione
1330 842 1545 894 paullatim
1590 842 1707 894 quasi

227 927 371 966 porcas
409 914 450 951 in
484 926 580 964 agro
618 919 770 952 extare.
830 915 878 951 In
904 915 1055 961 publico
1087 918 1174 950 ante
1210 915 1391 951 tabernas
1423 913 1538 961 dicit,
1571 926 1708 966 quem-

229 984 445 1024 admodum
469 983 510 1021 in
538 997 587 1022 ea
616 989 764 1031 satura,
798 983 861 1020 cui
885 981 1085 1020 Oehlerus
1111 982 1216 1020 hunc
1241 983 1433 1020 ficticium
1461 983 1621 1029 titulum
1650 983 1709 1020 in-

229 1056 391 1107 scripsit
428 1059 706 1091 ZsspmApuxrn:
767 1056 805 1090 in
849 1054 938 1102 foro
977 1060 1064 1091 ante
1101 1055 1286 1105 lanienas.
1353 1053 1442 1091 Nec
1480 1052 1711 1091 anacoluthi

228 1140 381 1178 genus,
420 1123 529 1178 quod
557 1125 730 1163 inest‘in
764 1123 844 1161 illis
874 1123 1031 1171 verbis,
1070 1123 1246 1160 alienum
1277 1127 1339 1160 est
1368 1136 1392 1160 a
1421 1123 1624 1170 Varrone:
1658 1123 1710 1160 cf.

228 1205 518 1236 memssumnum
549 1195 598 1234 fr.
632 1202 670 1234 1:
709 1197 793 1232 Non
826 1197 927 1232 vides
963 1196 1003 1231 in
1041 1195 1159 1232 vineis
1193 1196 1294 1241 quod
1322 1196 1399 1231 tria
1424 1197 1521 1243 pala
1548 1195 1713 1232 habeant
1756 1187 1761 1190 ’

228 1270 389 1317 tripales
421 1268 521 1305 dici?
587 1266 732 1317 Neque
771 1263 947 1302 alienum
998 1263 1107 1315 quod
1147 1263 1286 1302 scribit
1322 1263 1385 1316 de,
1412 1264 1550 1315 lingua
1585 1263 1713 1302 latina

229 1339 311 1379 VII
342 1346 358 1378 l
396 1339 480 1375 Non
510 1337 866 1384 reprehendendum
895 1337 1013 1383 iyitur
1035 1337 1074 1372 in
1099 1337 1186 1381 illis,
1218 1337 1284 1383 qui
1306 1337 1345 1372 in
1369 1337 1578 1373 scrutando
1601 1336 1712 1372 verbo
1744 1335 1749 1339 ”

227 1413 376 1447 litteras
413 1409 596 1445 adiiciunt
638 1411 704 1444 aut
742 1408 907 1444 demunt.
968 1404 1032 1444 Cf.
1073 1404 1124 1444 O.
1154 1406 1318 1445 Miilleri
1347 1405 1476 1457 praef.
1514 1418 1555 1455 p.
1585 1415 1711 1442 xxxv.

229 1482 294 1519 De
323 1478 502 1518 tabernis
532 1476 626 1515 vide
651 1476 826 1515 Beckeri
851 1475 1015 1515 Gallum
1035 1476 1079 1514 ΙΙ
1098 1490 1136 1528 p.
1161 1481 1245 1518 197:
1277 1475 1326 1514 de
1350 1476 1407 1514 eis
1434 1488 1539 1528 quae
1564 1475 1605 1513 in
1623 1474 1711 1524 ‘foro

230 1556 345 1591 erant
372 1562 502 1602 nuper
532 1546 754 1598 disputavit
780 1546 1007 1586 Urlichsius
1034 1548 1075 1586 in
1102 1562 1207 1587 novo
1237 1560 1375 1586 museo
1406 1545 1537 1585 Rhen.
1563 1545 1651 1583 XII
1672 1558 1711 1596 p.

230 1630 296 1664 215
325 1635 414 1674 sqq.
436 1624 475 1658 in
505 1624 616 1657 arato
638 1616 747 1670 quod
769 1615 968 1657 Oehlerus
989 1619 1191 1671 Propertii
1209 1632 1331 1657 versu
1353 1618 1375 1655 I
1401 1623 1434 1665 6,
1459 1622 1503 1657 32
1523 1615 1712 1662 illustrat,

228 1708 309 1733 non
349 1690 521 1731 attendit
566 1688 780 1727 discrimen
823 1690 930 1744 inter
972 1694 1119 1742 poetae
1166 1694 1205 1728 et
1247 1687 1440 1729 Varronis
1482 1685 1711 1725 dictionem.

230 1768 357 1804 Parca
385 1775 490 1816 quae
515 1764 704 1806 vocetur,
743 1758 851 1797 idem
881 1760 1011 1798 Varro
1042 1759 1140 1798 dicit
1179 1759 1228 1797 de
1257 1758 1395 1809 lingua
1423 1757 1551 1795 latina
1579 1756 1618 1795 V
1646 1761 1711 1797 39:

230 1833 332 1886 Aq'er
365 1846 482 1872 arvus
521 1837 558 1870 et
595 1832 789 1868 arationes
814 1833 872 1883 >ab
911 1834 1080 1869 arando:
1127 1831 1172 1867 ab
1211 1841 1253 1867 eo
1287 1831 1389 1877 quod
1424 1830 1552 1865 aratri
1587 1837 1714 1865 vomer

232 1908 403 1951 sustulit,
434 1906 586 1941 sulcus.-
629 1914 703 1949 quo
728 1912 773 1938 ea
802 1907 909 1939 terra
934 1906 1055 1947 iacta,
1087 1903 1127 1939 id
1158 1911 1208 1937 ex
1233 1901 1409 1947 proiecta
1436 1910 1603 1946 porea.
1647 1896 1712 1936 Cf.

229 1976 514 2015 Lachmannus
557 1972 652 2011 novi
686 1973 814 2010 musei
849 1972 980 2014 Rhen,
1015 1973 1058 2011 II
1096 1986 1136 2023 p.
1179 1975 1260 2011 362.
1328 1967 1367 2006 A
1411 1966 1553 2020 quibus
1591 1966 1714 2005 distat

232 2046 412 2086 eiusdem
444 2043 639 2084 Varronis
671 2043 888 2095 explicatio
918 2042 969 2081 de
998 2056 1042 2081 re
1071 2043 1221 2081 rustica
1245 2040 1266 2077 I
1293 2045 1358 2086 29,
1386 2045 1408 2079 3
1441 2041 1543 2087 quod
1570 2045 1626 2075 est
1656 2041 1712 2075 in-

230 2124 288 2155 ter
319 2119 414 2155 duos
442 2118 588 2160 suleOS,
626 2117 728 2152 elata
758 2120 885 2161 terra,
917 2116 1058 2152 dicitur
1078 2125 1250 2162 porca,
1294 2113 1395 2159 quod
1417 2120 1462 2147 ea
1492 2120 1598 2158 seyes
1624 2109 1713 2157 fru-

231 2193 396 2225 mentum
424 2188 598 2234 porricit.
641 2184 703 2224 Of.
729 2185 885 2223 Nonius
905 2197 943 2235 p.
969 2190 1027 2231 61,
1051 2189 1122 2240 19².
1145 2181 1214 2220 ubi
1237 2193 1326 2218 cum
1350 2192 1494 2232 porcas
1523 2177 1712 2230 explicat,

230 2258 357 2297 nostri
372 2257 451 2295 loci
472 2270 554 2294 non
572 2255 763 2302 meminit,
786 2268 906 2306 quem
926 2253 998 2293 sub
1017 2253 1159 2292 eadem
1176 2265 1278 2292 voce
1297 2265 1336 2302 p.
1354 2256 1434 2298 152,
1454 2256 1496 2290 19
1515 2249 1713 2300 ascripsit.

226 2331 389 2377 proinde
416 2326 524 2379 quod
551 2332 612 2365 est
639 2327 682 2364 in
711 2325 905 2364 Leidensi
933 2326 1005 2376 pro
1030 2326 1194 2372 perinde
1226 2321 1363 2374 sperni
1389 2333 1470 2358 non
1497 2319 1647 2358 debuit.

344 2410 517 2448 Restant
548 2408 625 2446 duo
658 2408 707 2446 de
737 2408 814 2446 hac
845 2413 982 2446 satura
1010 2407 1250 2457 fragmenta,
1284 2417 1451 2456 quorum
1478 2402 1650 2440 alterum

344 2510 499 2548 XXIII
522 2507 599 2560 (24)
632 2511 783 2557 Aliquot
813 2510 958 2546 Romae
986 2513 1085 2552 sunt,
1116 2509 1182 2554 qui
1207 2508 1324 2543 eellas
1348 2506 1519 2543 vinarias
1544 2503 1716 2552 fructuis

230 2593 351 2619 causa
379 2581 581 2628 fecerunt,
1278 2562 1281 2564 ⁵

230 2671 368 2709 nescio
399 2675 533 2708 utrum
562 2668 613 2707 ad
642 2673 868 2707 structurae
899 2667 1061 2706 aedium
1089 2666 1266 2704 rationes
1297 2679 1349 2704 an
1380 2664 1431 2703 ad
1462 2677 1552 2703 eum
1580 2663 1713 2701 locum

231 2731 512 2792 disputationis
551 2739 745 2786 referam,
784 2738 853 2790 qui
884 2737 959 2775 fuit
983 2736 1032 2775 de
1064 2736 1242 2774 ciborum
1269 2749 1316 2776 ae
1347 2736 1620 2774 conviviorum
1651 2733 1711 2771 lu-

231 2812 358 2849 xurie.
418 2813 601 2848 Fruetuis
630 2821 750 2847 causa
780 2807 889 2860 quod
920 2807 1030 2855 dicit,
1058 2807 1272 2859 opponitur
1301 2807 1559 2844 delectationis
1580 2814 1711 2848 causa,

228 2885 272 2918 ut
302 2893 424 2931 supra
452 2893 492 2931 p.
521 2887 564 2921 55
592 2880 634 2918 in
663 2884 861 2917 MELEAGMS
894 2879 942 2916 fr.
974 2878 1038 2916 II:
1068 2878 1120 2915 cf.
1151 2878 1280 2917 Varro
1313 2876 1362 2914 de
1391 2888 1433 2913 re
1464 2875 1615 2913 rustica
1645 2874 1711 2911 III
