1898 3236
283 254 294 291 1
310 254 358 292 10
849 246 1189 286 eonmcmnmx.

273 365 450 404 ferendis
488 377 576 402 cum
615 363 774 401 sincera
810 362 1050 415 antiquitate
1083 359 1314 413 depravatis
1340 359 1574 397 recentioris
1606 358 1751 396 aetatis

273 435 446 474 moribus
474 438 672 473 versatur.
734 433 797 472 Cf.
833 447 873 484 p.
905 439 963 474 68.
1022 432 1132 480 Illis,
1166 444 1270 483 quae
1302 429 1353 468 de
1385 429 1556 467 militum
1583 428 1752 467 mollitia

275 505 542 557 exprompsit,
587 505 840 542 occasionem
881 503 993 542 dedit
1028 503 1092 551 id,
1135 502 1242 555 quod
1276 502 1501 541 Varronem
1535 500 1667 552 ipsum
1702 496 1752 537 de

272 590 346 615 sua
384 575 527 614 militia
567 574 797 613 narravisse
842 574 891 612 fr.
919 580 944 622 2
979 573 1127 611 indicio
1163 578 1238 611 est.
1307 572 1388 611 Cur
1426 571 1531 610 enim
1565 570 1669 609 haec
1701 569 1754 607 ad

274 647 395 685 alium
428 646 582 697 potius,
622 658 740 697 quem
779 644 1009 696 loquentem
1040 643 1267 691 induxerit,
1299 655 1431 695 quam>
1449 641 1501 680 ad
1529 642 1754 681 Varronem

274 720 401 770 ipsum
420 717 656 763 referamus,
689 729 806 768 quem
827 720 989 752 strenue
1011 714 1177 753 militiae
1197 707 1370 753 munerax
1388 713 1536 751 obiisse
1569 710 1753 750 constat?

275 789 338 828 Cf.
370 788 415 827 C.
437 788 485 826 L.
508 787 679 825 Rothius
711 786 819 833 (uber
849 788 884 823 d.
911 787 1035 823 Leben
1062 788 1097 823 d.
1128 786 1181 822 M.
1216 787 1300 822 Ter.
1336 785 1471 822 Varro.
1502 785 1621 820 Basel
1647 781 1751 832 1857)

274 875 313 912 p.
357 867 392 899 11
433 872 522 911 sqq.
581 857 719 908 Ipsum
760 862 892 894 autem
933 854 982 892 dc
1027 868 1070 893 se
1111 855 1383 907 disputantem
1409 855 1633 894 Varronem
1665 865 1755 890 cum

275 930 400 968 semel
435 929 545 967 nacti
583 921 726 974 simus,
764 925 877 963 nulla
910 938 975 963 res
1005 914 1132 976 magis
1163 925 1204 963 in
1231 926 1403 977 proclivi
1443 930 1504 962 est
1543 936 1662 975 quam
1701 921 1754 960 ad

276 999 457 1039 eiusdem
482 999 675 1038 Varronis
709 1009 924 1049 personam
951 995 1105 1034 referre
1137 1009 1206 1044 ea,
1243 1010 1348 1048 quae
1379 1008 1500 1048 supra
1529 994 1579 1032 de
1611 994 1752 1031 errori-

273 1071 348 1110 bus
396 1084 443 1109 ac
480 1067 765 1122 peregrinandi
806 1065 965 1104 casibus
1004 1079 1025 1103 e
1063 1065 1243 1118 reliquiis
1282 1068 1476 1119 expiscati
1516 1079 1669 1104 sumus:
1711 1068 1755 1102 ut

276 1147 404 1180 semet
441 1142 571 1192 ipsum
607 1139 649 1176 in
682 1137 759 1175 hac
799 1141 936 1174 satura
971 1140 1177 1187 tamquam
1211 1137 1379 1176 alterum
1408 1138 1476 1176 vel
1505 1136 1637 1189 potius
1669 1149 1753 1174 ses-

277 1211 517 1264 quialterum
537 1209 700 1248 Ulixem
721 1205 959 1258 depinxerit.
1001 1207 1165 1244 Etenim
1186 1207 1524 1265 reminiscendum
1544 1213 1616 1256 est,
1647 1196 1755 1259 quod

275 1296 355 1321 non
385 1280 594 1334 praeteriit
619 1279 910 1317 Mommsenum
939 1276 1033 1314 hist.
1058 1277 1173 1315 Rom.
1194 1278 1262 1316 III
1283 1292 1323 1330 p.
1346 1285 1427 1327 584,
1459 1280 1685 1319 Varronem
1714 1278 1756 1316 in

277 1354 422 1392 saturis
462 1352 543 1390 suis
584 1350 715 1402 ipsum
751 1347 910 1399 saepius
946 1353 1083 1399 partes
1123 1349 1333 1400 primarias
1365 1350 1560 1390 obtinere.
1618 1351 1684 1388 Ita
1713 1350 1755 1387 in

277 1428 464 1461 Ssxmssm
495 1428 700 1474 tamquam
729 1419 832 1458 alter
864 1417 1126 1469 Epimenides
1155 1431 1205 1456 ex
1243 1420 1532 1473 quinquaginta
1563 1433 1755 1458 annorum

277 1495 430 1533 somnio
461 1495 632 1532 Romam
669 1490 798 1529 redux
837 1488 886 1527 de
923 1489 1081 1526 interea
1110 1489 1230 1528 factis
1257 1503 1410 1529 morum
1439 1504 1487 1528 ac
1518 1489 1754 1541 disciplinae

277 1562 652 1603 commutationibus
679 1559 858 1611 graviter
889 1560 1158 1612 conqueritur.
1219 1561 1269 1599 In
1307 1574 1386 1613 qua
1403 1552 1552 1600 ‘satura
1583 1560 1633 1599 de
1660 1560 1753 1608 alio,

278 1637 342 1674 cui
378 1649 466 1673 eam
502 1623 715 1686 personam
757 1629 951 1678 induerit,
991 1632 1170 1681 cogitare
1211 1645 1292 1669 non
1322 1631 1416 1669 sinit
1444 1633 1493 1672 fr.
1524 1638 1567 1673 16
1615 1634 1754 1677 Erras,

274 1708 415 1754 inquit,
454 1705 608 1750 Marce,
647 1713 833 1740 accusare
857 1713 949 1739 nos:
983 1705 1194 1740 ruminaris
1222 1693 1488 1750 antiquitates:
1525 1703 1566 1740 in
1595 1715 1674 1754 quo
1706 1702 1756 1740 fr.

276 1775 413 1814 nescio
452 1788 503 1812 an
539 1760 652 1811 erras
690 1777 918 1823 corruptum
956 1772 1008 1809 sit
1039 1785 1060 1809 e
1084 1784 1234 1820 parcas
1263 1773 1332 1811 vel
1360 1773 1494 1824 potius
1523 1784 1755 1820 compercas.

277 1840 543 1897 Eundemque
570 1845 794 1884 Varronem
831 1849 1035 1895 tamquam
1072 1843 1399 1882 interlocutorem
1433 1843 1664 1894 primarium
1693 1856 1755 1880 re-

278 1917 358 1955 fert
393 1917 442 1954 fr.
484 1922 541 1956 20.
611 1914 674 1953 Of.
718 1914 769 1952 de
813 1915 897 1952 eius
930 1919 1091 1952 saturae
1137 1918 1371 1964 argumento
1418 1917 1457 1951 et
1492 1912 1755 1964 dispositione

277 1989 568 2026 Mommsenum
609 1986 637 2024 l.
672 1999 705 2024 c.
736 1999 776 2037 p.
807 1991 887 2026 590.
917 2025 920 2029 ,
950 1984 1137 2036 Compari
1173 1983 1311 2022 indole
1341 1982 1467 2020 fuisse
1493 1988 1674 2021 BIMARCUM
1705 1983 1754 2022 fr.

282 2065 323 2099 14
355 2070 580 2096 monemur:
616 2058 760 2093 Ebrius
802 2049 864 2102 es.
900 2057 1053 2103 Marce,
1097 2052 1283 2104 Odyssian
1319 2056 1418 2092 enim
1449 2055 1608 2091 Homeri
1639 2057 1757 2092 rumi-

278 2132 369 2167 nari
390 2131 537 2177 incipis.
598 2128 663 2165 De
696 2124 808 2164 cuius
838 2126 888 2164 fr.
919 2116 1141 2164 rationibus
1173 2125 1304 2163 dicam
1332 2124 1480 2162 infra>
1497 2123 1586 2161 Nec
1612 2123 1757 2161 inscite

279 2184 551 2237 Mommsenus
592 2197 887 2235 ‘libellionem'
921 2198 990 2249 qui
1029 2202 1090 2236 est
1126 2198 1167 2235 in
1197 2201 1300 2234 Minu
1334 2195 1383 2233 fr.
1419 2200 1461 2235 18
1497 2196 1590 2231 Tum
1621 2196 1672 2230 ad
1700 2205 1758 2230 me

275 2271 459 2318 fuerunt,
504 2271 605 2317 quod
642 2271 863 2306 libellionem
892 2280 974 2306 esse
1003 2271 1182 2314 sciebant,
1214 2268 1437 2306 Varronem
1467 2265 1650 2316 agnovit,
1691 2264 1759 2315 qui

278 2355 358 2378 non
391 2341 521 2392 potuit
551 2339 734 2390 profecto
770 2338 945 2390 lepidius
983 2351 1108 2391 seque
1143 2349 1338 2389 suamque
1366 2335 1559 2374 librorum
1587 2340 1627 2373 et
1654 2335 1758 2376 noti-

278 2412 375 2448 tiam
418 2416 458 2448 et
493 2411 789 2448 confectionem
828 2409 1054 2460 designare.
1123 2409 1270 2447 Dicam
1313 2405 1492 2444 breviter
1528 2406 1605 2444 hac
1642 2418 1757 2455 occa-

281 2482 392 2519 sione
425 2480 475 2518 de
498 2493 578 2532 qua
607 2493 651 2517 re
681 2479 868 2518 videatur
900 2481 942 2517 in
977 2493 1026 2517 ea
1054 2484 1191 2517 satura
1216 2479 1346 2517 Varro
1379 2476 1586 2515 consultus
1616 2474 1755 2513 fuisse.

279 2552 483 2590 Admonet
519 2551 623 2589 enim
659 2544 710 2588 fr.
747 2557 789 2590 8:
835 2550 945 2594 Quod
983 2552 1072 2586 dum
1117 2550 1405 2592 administrant,
1451 2549 1491 2584 in
1527 2548 1658 2585 scrobe
1697 2546 1759 2593 fo-

280 2626 416 2661 diendo
445 2624 640 2660 inveniunt
669 2633 801 2658 arcam
826 2607 984 2658 Numae
1009 2618 1197 2671 Pompilii
1223 2617 1414 2656 librorum
1439 2630 1460 2655 e
1487 2623 1597 2655 terra
1626 2621 1757 2654 eruto—

281 2705 386 2731 rum:
426 2705 545 2744 quam
580 2704 666 2729 rem
703 2703 783 2728 non
825 2689 952 2728 semel
989 2689 1119 2728 Varro
1156 2689 1197 2726 in
1227 2688 1316 2726 aliis
1345 2686 1458 2725 libris
1488 2687 1633 2736 tetigit.
1694 2684 1755 2723 Cf.

281 2764 451 2802 Rothius
479 2764 621 2813 fragm.
652 2762 792 2799 histor.
819 2761 934 2799 Rom.
965 2774 1005 2812 p.
1027 2766 1109 2801 418.
1171 2759 1281 2810 Quid
1311 2759 1345 2797 si
1368 2759 1497 2797 Varro
1527 2757 1569 2794 in
1593 2755 1664 2794 illa
1694 2767 1755 2792 sa-

280 2839 371 2872 tura
403 2848 451 2873 ea
477 2834 705 2872 narratione
739 2833 796 2870 ita
825 2845 919 2870 usus
952 2832 1024 2879 sit,
1064 2836 1107 2869 ut
1140 2830 1190 2869 de
1218 2830 1392 2868 inventis
1423 2828 1504 2866 illis
1535 2825 1647 2864 libris
1676 2838 1756 2862 me-

281 2904 539 2942 morabilibus
579 2908 707 2942 semet
743 2903 874 2954 ipsum
916 2907 960 2939 ut
992 2900 1240 2939 libellionem
1268 2899 1420 2938 aditum
1450 2908 1538 2934 esse
1570 2894 1760 2933 finxerit?
