1898 3236
0 2032 9 2230 -ι-νπνὟ-η-ν-ν
0 1876 11 2013 -τντἮ-τ*
6 1820 9 1823 ,
0 1806 2 1808 <

710 781 1208 832 EPIMETRUM.

333 963 433 1003 Cum
463 965 543 1003 iam
571 965 669 1004 satis
702 965 770 1004 diu
802 966 867 1014 sit,
903 979 953 1004 ex
983 978 1063 1017 quo
1089 965 1216 1004 maior
1238 978 1335 1017 pars
1359 964 1478 1010 huius
1507 977 1708 1004 commen-

215 1013 381 1072 tationis
423 1048 445 1072 e
484 1034 642 1073 scriniis
682 1037 782 1075 meis
813 1038 854 1075 in
885 1036 1089 1081 officinam
1118 1023 1326 1074 Teubneri
1349 1035 1568 1085 migravit,
1600 1036 1709 1076 haud

218 1105 386 1144 mirifice
415 1106 574 1144 accidit
592 1109 833 1158 praesertim
859 1106 899 1146 in
930 1120 1055 1160 opera
1082 1105 1213 1159 qualis
1242 1105 1345 1144 haec
1375 1112 1456 1154 est,
1495 1106 1604 1159 quod
1630 1121 1710 1145 non

218 1177 275 1214 ita
321 1183 441 1215 tenue
479 1177 576 1215 mihi
622 1177 990 1217 additamentorum
1028 1177 1284 1229 spicilegium
1330 1176 1548 1215 succrevit.
1615 1177 1710 1216 Non

219 1247 308 1284 dico
347 1246 496 1285 menda
530 1247 687 1286 leviora
716 1251 863 1300 partim
893 1263 984 1288 mea
1015 1249 1162 1301 partim
1191 1259 1405 1299 operarum
1434 1247 1553 1298 culpa
1580 1247 1708 1296 illata,

219 1331 324 1369 quae
357 1330 446 1356 cum
475 1331 550 1356 nec
580 1318 708 1358 multa
737 1321 818 1358 sint
849 1334 926 1360 nec
954 1333 1143 1371 magnam
1172 1317 1328 1368 legenti
1356 1317 1621 1356 offensionem
1647 1318 1708 1357 al-

215 1387 348 1426 latura
385 1387 620 1437 videantur,
659 1390 800 1430 taedet
834 1391 1070 1442 singillatim
1103 1401 1339 1429 recensere:
1382 1401 1457 1427 nec
1489 1389 1611 1427 anxia
1642 1402 1709 1427 cu-

216 1459 399 1498 riositate
429 1460 591 1510 generis
622 1460 921 1514 orthographici
953 1460 1264 1501 inconstantiam
1296 1459 1500 1512 quandam
1521 1459 1589 1498 vel
1612 1473 1708 1499 nae-

218 1543 289 1568 vos
317 1530 531 1568 nonnullos
562 1532 754 1570 orationis
784 1533 946 1581 notabo,
980 1534 1048 1587 qui
1078 1544 1184 1571 nunc
1211 1543 1300 1569 cum
1324 1529 1452 1568 nitide
1473 1537 1710 1582 expressum

216 1599 399 1639 libellum
435 1606 642 1653 tamquam
678 1603 853 1642 alienam
884 1617 1049 1655 operam
1086 1602 1288 1654 perlustro
1327 1601 1395 1640 vel
1423 1601 1551 1639 invito
1583 1614 1707 1653 appa—

215 1668 319 1710 rent.
380 1671 508 1709 Immo
547 1684 636 1709 cum
674 1672 736 1711 his
775 1674 1051 1713 coniectaneis
1092 1674 1239 1712 iustam
1269 1673 1412 1711 harum
1436 1665 1709 1725 ,reliquiarum

219 1741 437 1780 editionem
477 1754 758 1782 aerumnosam
794 1744 906 1783 illam
943 1751 984 1783 et
1021 1743 1157 1783 multis
1188 1743 1316 1782 modis
1346 1742 1583 1796 impeditam
1612 1743 1708 1782 viri-

218 1811 311 1851 liter
339 1825 585 1865 praeparare
598 1813 844 1863 studuerim,
875 1829 1007 1855 meum
1033 1829 1123 1866 esse
1150 1810 1418 1862 arbitror,'ea
1440 1815 1706 1866 potissimum,

217 1882 363 1935 quibus
393 1883 460 1921 vel
493 1883 721 1923 emendatio
752 1886 820 1924 vel
848 1886 1064 1938 explicatio
1093 1886 1410 1937 fragmentorum
1437 1885 1622 1923 adiuvari
1648 1886 1707 1924 vi-

217 1953 382 2001 deatur,
426 1967 531 1992 nunc
572 1955 769 1994 cumeiam
800 1958 841 1995 in
870 1955 1003 1996 lucem
1039 1957 1201 2008 prodire
1239 1956 1419 1994 libellus·
1444 1955 1594 2006 gestiat
1638 1969 1707 1994 ex-

215 2037 413 2076 promere.
475 2024 659 2076 Quorum
696 2018 851 2078 partem
880 2028 1077 2078 potiorem
1106 2040 1336 2079 propensae
1365 2026 1528 2065 Alfredi
1556 2016 1706 2067 Fleck-

215 2095 343 2134 eiseni
374 2108 471 2145 erga
499 2084 563 2133 me
592 2096 795 2135 voluntati
821 2096 964 2145 debeo,
996 2098 1064 2149 qui
1096 2111 1196 2149 quas
1226 2097 1323 2135 mihi
1353 2096 1419 2135 vel
1451 2096 1707 2147 opinationes

214 2165 282 2203 vel
320 2165 591 2204 dubitationes
626 2167 870 2217 significavit
909 2180 1024 2215 suas,
1064 2181 1203 2206 earum
1238 2154 1452 2206 nonnullas
1483 2167 1597 2205 licuit
1626 2181 1706 2206 non

215 2234 467 2274 incommode
506 2236 588 2274 suis
614 2235 722 2274 'locis
760 2237 932 2275 orationi
962 2238 1161 2278 inserere:
1201 2239 1361 2292 reliqua
1389 2238 1704 2290 ascripsi‘infra.

328 2321 535 2359 'summus
565 2317 614 2356 fr.
652 2331 717 2357 un.
751 2318 861 2372 quod
892 2333 931 2372 p.
962 2324 1008 2362 73
1045 2321 1222 2359 numeris
1253 2320 1440 2368 distinxi,
1480 2321 1705 2372 praemisso

214 2391 274 2425 ille
305 2389 548 2439 pronomine·
571 2390 753 2442 suppleri
787 2391 931 2428 suasit:
971 2389 1068 2441 [ille]
1101 2392 1175 2428 no'n
1207 2395 1314 2430 modo
1343 2394 1480 2430 absens
1510 2404 1545 2430 e.
1576 2404 1616 2442 q.
1649 2404 1703 2440 S.;

216 2457 327 2496 cuius
357 2457 541 2518 interitus
572 2459 762 2498 vocabuli
793 2474 814 2499 e
840 2460 974 2499 Nonio
1005 2460 1252 2512 explicatur,
1281 2461 1389 2513 apud
1419 2475 1540 2513 quem
1570 2461 1705 2499 versui

214 2529 316 2567 haec
356 2530 480 2567 Varro
514 2531 752 2579 Tanaquile
774 2515 1109 2582 praemittuntur.

328 2615 535 2648 Eunamnun
563 2612 611 2651 fr.
639 2613 748 2652 XIX
776 2611 855 2664 (29)
879 2619 928 2664 'p.
956 2618 1022 2654 182
1053 2591 1192 2653 deleta
1221 2627 1324 2667 quae
1355 2622 1450 2653 ante
1477 2627 1564 2661 ecee
1593 2614 1703 2665 lege-

214 2681 332 2720 batur
369 2688 404 2720 εἰ
448 2682 649 2734 particula
689 2682 1001 2734 sesquialterum
1034 2685 1308 2735 septenarium
1346 2684 1594 2722 trochaicum
1634 2683 1702 2722 de-

215 2753 396 2804 scripsit:

413 2833 522 2876 'Ecce
552 2840 599 2875 cle
626 2838 821 2886 inproviso
851 2841 903 2877 ad
926 2851 996 2877 nos
1024 2841 1171 2878 acce'dit
1199 2836 1306 2877 cana'
1336 2840 1498 2884 Ve'ritas,

416 2903 568 2946 'Attices
591 2909 860 2957 philosdphiae
887 2908 1055 2948 alumna‘.
