<?xml version="1.0" encoding="UTF-8"?>
<!DOCTYPE html PUBLIC "-//W3C//DTD XHTML 1.0 Transitional//EN"
    "http://www.w3.org/TR/xhtml1/DTD/xhtml1-transitional.dtd">
<html xmlns="http://www.w3.org/1999/xhtml" xml:lang="en" lang="en">
 <head>
  <title>
</title>
<meta http-equiv="Content-Type" content="text/html;charset=utf-8" />
  <meta name='ocr-system' content='tesseract 3.04.00' />
  <meta name='ocr-capabilities' content='ocr_page ocr_carea ocr_par ocr_line ocrx_word'/>
</head>
<body>
  <div class='ocr_page' id='page_1' title='image "./inmterentivarron00vahluoft/inmterentivarron00vahluoft_0171.png"; bbox 0 0 1898 3236; ppageno 0'>
   <div class='ocr_carea' id='block_1_1' title="bbox 762 247 1677 287">
    <p class='ocr_par' dir='ltr' id='par_1_1' title="bbox 762 247 1677 287">
     <span class='ocr_line' id='line_1_1' title="bbox 762 247 1677 287; baseline -0.001 -1"><span class='ocrx_word' id='word_1_1' title='bbox 762 254 1105 287; x_wconf 53' lang='lat' dir='ltr'><strong>commeritum.</strong></span> <span class='ocrx_word' id='word_1_2' title='bbox 1253 268 1255 270; x_wconf 96' lang='lat'>-</span> <span class='ocrx_word' id='word_1_3' title='bbox 1602 247 1677 287; x_wconf 83' lang='lat'><strong>161</strong></span> 
     </span>
    </p>
   </div>
   <div class='ocr_carea' id='block_1_2' title="bbox 189 362 1680 482">
    <p class='ocr_par' dir='ltr' id='par_1_2' title="bbox 189 362 1680 482">
     <span class='ocr_line' id='line_1_2' title="bbox 189 362 1680 411; baseline -0.004 -7"><span class='ocrx_word' id='word_1_4' title='bbox 189 368 292 404; x_wconf 85' lang='lat' dir='ltr'><strong>domi</strong></span> <span class='ocrx_word' id='word_1_5' title='bbox 317 370 430 403; x_wconf 78' lang='lat' dir='ltr'><strong>tuae?</strong></span> <span class='ocrx_word' id='word_1_6' title='bbox 477 366 512 402; x_wconf 87' lang='lat' dir='ltr'><strong>si</strong></span> <span class='ocrx_word' id='word_1_7' title='bbox 542 375 633 402; x_wconf 82' lang='lat' dir='ltr'><strong>vasa</strong></span> <span class='ocrx_word' id='word_1_8' title='bbox 661 364 779 400; x_wconf 73' lang='lat' dir='ltr'><strong>habes</strong></span> <span class='ocrx_word' id='word_1_9' title='bbox 805 367 979 411; x_wconf 84' lang='lat' dir='ltr'><strong>pertusa,</strong></span> <span class='ocrx_word' id='word_1_10' title='bbox 999 362 1198 410; x_wconf 79' lang='lat' dir='ltr'><strong><em>plumbum</em></strong></span> <span class='ocrx_word' id='word_1_11' title='bbox 1224 374 1299 400; x_wconf 82' lang='lat' dir='ltr'><strong>non</strong></span> <span class='ocrx_word' id='word_1_12' title='bbox 1319 362 1463 399; x_wconf 80' lang='lat' dir='ltr'><strong>habes?</strong></span> <span class='ocrx_word' id='word_1_13' title='bbox 1492 363 1545 399; x_wconf 86' lang='lat' dir='ltr'><strong>ad</strong></span> <span class='ocrx_word' id='word_1_14' title='bbox 1566 373 1680 409; x_wconf 81' lang='lat' dir='ltr'><strong>quum</strong></span> 
     </span>
     <span class='ocr_line' id='line_1_3' title="bbox 191 421 1380 482; baseline -0.003 -9"><span class='ocrx_word' id='word_1_15' title='bbox 191 447 270 474; x_wconf 85' lang='lat' dir='ltr'><strong>rem</strong></span> <span class='ocrx_word' id='word_1_16' title='bbox 301 437 408 473; x_wconf 72' lang='lat' dir='ltr'><strong>nobis</strong></span> <span class='ocrx_word' id='word_1_17' title='bbox 431 440 488 473; x_wconf 80' lang='lat' dir='ltr'><strong>est</strong></span> <span class='ocrx_word' id='word_1_18' title='bbox 517 421 774 482; x_wconf 37' lang='lat' dir='ltr'><strong>confluvium&amp;</strong></span> <span class='ocrx_word' id='word_1_19' title='bbox 815 435 867 471; x_wconf 84' lang='lat' dir='ltr'><strong>ad</strong></span> <span class='ocrx_word' id='word_1_20' title='bbox 894 445 1009 481; x_wconf 81' lang='lat' dir='ltr'><strong>quam</strong></span> <span class='ocrx_word' id='word_1_21' title='bbox 1037 443 1118 470; x_wconf 85' lang='lat' dir='ltr'><strong>rem</strong></span> <span class='ocrx_word' id='word_1_22' title='bbox 1147 435 1380 471; x_wconf 69' lang='lat' dir='ltr'><strong>ternarium?</strong></span> 
     </span>
    </p>
   </div>
   <div class='ocr_carea' id='block_1_3' title="bbox 190 504 1682 645">
    <p class='ocr_par' dir='ltr' id='par_1_3' title="bbox 190 504 1682 645">
     <span class='ocr_line' id='line_1_4' title="bbox 303 504 1682 576; baseline -0.004 -11"><span class='ocrx_word' id='word_1_23' title='bbox 303 525 413 566; x_wconf 91' lang='lat' dir='ltr'><strong>XIX</strong></span> <span class='ocrx_word' id='word_1_24' title='bbox 444 523 524 576; x_wconf 90' lang='lat'>(17)</span> <span class='ocrx_word' id='word_1_25' title='bbox 563 525 612 563; x_wconf 87' lang='lat' dir='ltr'><strong>In</strong></span> <span class='ocrx_word' id='word_1_26' title='bbox 643 516 863 572; x_wconf 82' lang='lat' dir='ltr'><strong>pavim‘ento</strong></span> <span class='ocrx_word' id='word_1_27' title='bbox 899 536 974 561; x_wconf 86' lang='lat' dir='ltr'><strong>non</strong></span> <span class='ocrx_word' id='word_1_28' title='bbox 1012 525 1132 562; x_wconf 84' lang='lat' dir='ltr'><strong>audes</strong></span> <span class='ocrx_word' id='word_1_29' title='bbox 1163 523 1301 573; x_wconf 79' lang='lat' dir='ltr'><strong>facere</strong></span> <span class='ocrx_word' id='word_1_30' title='bbox 1339 504 1533 569; x_wconf 62' lang='lat' dir='ltr'><strong>laeenam,</strong></span> <span class='ocrx_word' id='word_1_31' title='bbox 1572 528 1612 561; x_wconf 83' lang='lat' dir='ltr'><strong>at</strong></span> <span class='ocrx_word' id='word_1_32' title='bbox 1642 526 1682 561; x_wconf 86' lang='lat' dir='ltr'><strong>in</strong></span> 
     </span>
     <span class='ocr_line' id='line_1_5' title="bbox 190 596 775 645; baseline -0.007 -9"><span class='ocrx_word' id='word_1_33' title='bbox 190 600 307 636; x_wconf 77' lang='lat' dir='ltr'><strong>huma</strong></span> <span class='ocrx_word' id='word_1_34' title='bbox 333 599 481 636; x_wconf 80' lang='lat' dir='ltr'><strong>calceos</strong></span> <span class='ocrx_word' id='word_1_35' title='bbox 506 596 611 645; x_wconf 79' lang='lat' dir='ltr'><strong>facis</strong></span> <span class='ocrx_word' id='word_1_36' title='bbox 640 597 775 634; x_wconf 74' lang='lat' dir='ltr'><strong>elioeos.</strong></span> 
     </span>
    </p>
   </div>
   <div class='ocr_carea' id='block_1_4' title="bbox 186 675 1687 1018">
    <p class='ocr_par' dir='ltr' id='par_1_4' title="bbox 188 675 1684 797">
     <span class='ocr_line' id='line_1_6' title="bbox 304 675 1684 728; baseline -0.001 -14"><span class='ocrx_word' id='word_1_37' title='bbox 304 677 392 716; x_wconf 91' lang='lat' dir='ltr'><strong>XX</strong></span> <span class='ocrx_word' id='word_1_38' title='bbox 421 675 500 728; x_wconf 81' lang='grc'>(18)</span> <span class='ocrx_word' id='word_1_39' title='bbox 532 677 691 724; x_wconf 81' lang='lat' dir='ltr'><em>Antiqui</em></span> <span class='ocrx_word' id='word_1_40' title='bbox 718 676 841 713; x_wconf 80' lang='lat' dir='ltr'><strong><em>nostri</em></strong></span> <span class='ocrx_word' id='word_1_41' title='bbox 867 677 907 712; x_wconf 84' lang='lat' dir='ltr'><strong>in</strong></span> <span class='ocrx_word' id='word_1_42' title='bbox 936 676 1108 713; x_wconf 84' lang='lat' dir='ltr'><strong><em>domibus</em></strong></span> <span class='ocrx_word' id='word_1_43' title='bbox 1133 677 1316 713; x_wconf 79' lang='lat' dir='ltr'><strong>latericiis</strong></span> <span class='ocrx_word' id='word_1_44' title='bbox 1339 676 1544 722; x_wconf 85' lang='lat' dir='ltr'><strong>paululum</strong></span> <span class='ocrx_word' id='word_1_45' title='bbox 1574 677 1684 712; x_wconf 85' lang='lat' dir='ltr'><strong>modo</strong></span> 
     </span>
     <span class='ocr_line' id='line_1_7' title="bbox 188 747 1458 797; baseline -0.004 -10"><span class='ocrx_word' id='word_1_46' title='bbox 188 750 378 797; x_wconf 78' lang='lat' dir='ltr'><strong><em>lapidibus</em></strong></span> <span class='ocrx_word' id='word_1_47' title='bbox 401 748 650 795; x_wconf 79' lang='lat' dir='ltr'><strong>suffundatis,</strong></span> <span class='ocrx_word' id='word_1_48' title='bbox 681 752 722 784; x_wconf 81' lang='lat' dir='ltr'><strong>ul</strong></span> <span class='ocrx_word' id='word_1_49' title='bbox 752 758 921 783; x_wconf 85' lang='lat' dir='ltr'><strong>umorem</strong></span> <span class='ocrx_word' id='word_1_50' title='bbox 950 747 1193 795; x_wconf 74' lang='lat' dir='ltr'><strong>ecfuyerent,</strong></span> <span class='ocrx_word' id='word_1_51' title='bbox 1224 747 1458 783; x_wconf 77' lang='lat' dir='ltr'><strong>habitabant.</strong></span> 
     </span>
    </p>

    <p class='ocr_par' dir='ltr' id='par_1_5' title="bbox 186 825 1687 1018">
     <span class='ocr_line' id='line_1_8' title="bbox 303 825 1687 878; baseline -0.003 -11"><span class='ocrx_word' id='word_1_52' title='bbox 303 827 413 867; x_wconf 89' lang='lat' dir='ltr'><strong>XXI</strong></span> <span class='ocrx_word' id='word_1_53' title='bbox 444 825 524 878; x_wconf 79' lang='lat'><em>(21)</em></span> <span class='ocrx_word' id='word_1_54' title='bbox 566 828 652 864; x_wconf 85' lang='lat' dir='ltr'><strong>Non</strong></span> <span class='ocrx_word' id='word_1_55' title='bbox 679 827 782 863; x_wconf 83' lang='lat' dir='ltr'><strong>vides</strong></span> <span class='ocrx_word' id='word_1_56' title='bbox 806 828 845 863; x_wconf 85' lang='lat' dir='ltr'><strong>in</strong></span> <span class='ocrx_word' id='word_1_57' title='bbox 875 828 1024 875; x_wconf 71' lang='lat' dir='ltr'><strong>maynis</strong></span> <span class='ocrx_word' id='word_1_58' title='bbox 1050 827 1269 874; x_wconf 77' lang='lat' dir='ltr'><strong>peristylis‚</strong></span> <span class='ocrx_word' id='word_1_59' title='bbox 1301 826 1368 872; x_wconf 86' lang='lat' dir='ltr'><strong>qui</strong></span> <span class='ocrx_word' id='word_1_60' title='bbox 1396 831 1557 873; x_wconf 75' lang='lat' dir='ltr'><em>cryptas</em></span> <span class='ocrx_word' id='word_1_61' title='bbox 1584 827 1687 863; x_wconf 80' lang='lat' dir='ltr'><strong>domi</strong></span> 
     </span>
     <span class='ocr_line' id='line_1_9' title="bbox 191 880 1684 946; baseline -0.004 -8"><span class='ocrx_word' id='word_1_62' title='bbox 191 913 265 938; x_wconf 84' lang='lat' dir='ltr'><strong>non</strong></span> <span class='ocrx_word' id='word_1_63' title='bbox 292 901 451 944; x_wconf 74' lang='lat' dir='ltr'><strong>habent,</strong></span> <span class='ocrx_word' id='word_1_64' title='bbox 490 880 664 935; x_wconf 76' lang='lat' dir='ltr'><strong>sabulum</strong></span> <span class='ocrx_word' id='word_1_65' title='bbox 694 899 823 935; x_wconf 84' lang='lat' dir='ltr'><strong>iacere</strong></span> <span class='ocrx_word' id='word_1_66' title='bbox 854 911 878 935; x_wconf 86' lang='lat' dir='ltr'><strong>a</strong></span> <span class='ocrx_word' id='word_1_67' title='bbox 905 887 1057 946; x_wconf 64' lang='lat' dir='ltr'><strong>pariete</strong></span> <span class='ocrx_word' id='word_1_68' title='bbox 1087 902 1155 934; x_wconf 82' lang='lat' dir='ltr'><strong>aut</strong></span> <span class='ocrx_word' id='word_1_69' title='bbox 1182 908 1202 934; x_wconf 87' lang='lat' dir='ltr'><strong>e</strong></span> <span class='ocrx_word' id='word_1_70' title='bbox 1225 898 1352 946; x_wconf 62' lang='lat' dir='ltr'><strong>mstis,</strong></span> <span class='ocrx_word' id='word_1_71' title='bbox 1391 897 1456 933; x_wconf 87' lang='lat' dir='ltr'><strong>ubi</strong></span> <span class='ocrx_word' id='word_1_72' title='bbox 1485 897 1684 933; x_wconf 83' lang='lat' dir='ltr'><strong>ambulare</strong></span> 
     </span>
     <span class='ocr_line' id='line_1_10' title="bbox 186 971 367 1018; baseline -0.006 -11"><span class='ocrx_word' id='word_1_73' title='bbox 186 971 367 1018; x_wconf 78' lang='lat' dir='ltr'><em>possint?</em></span> 
     </span>
    </p>
   </div>
   <div class='ocr_carea' id='block_1_5' title="bbox 189 1045 1683 1180">
    <p class='ocr_par' dir='ltr' id='par_1_6' title="bbox 189 1045 1683 1180">
     <span class='ocr_line' id='line_1_11' title="bbox 301 1045 1683 1098; baseline -0.001 -12"><span class='ocrx_word' id='word_1_74' title='bbox 301 1047 435 1086; x_wconf 91' lang='lat' dir='ltr'><strong>XXII</strong></span> <span class='ocrx_word' id='word_1_75' title='bbox 464 1045 544 1098; x_wconf 72' lang='lat'>(⁶20)</span> <span class='ocrx_word' id='word_1_76' title='bbox 579 1049 666 1086; x_wconf 86' lang='lat' dir='ltr'><strong>Non</strong></span> <span class='ocrx_word' id='word_1_77' title='bbox 697 1048 800 1085; x_wconf 81' lang='lat' dir='ltr'><strong>vides</strong></span> <span class='ocrx_word' id='word_1_78' title='bbox 828 1049 869 1085; x_wconf 85' lang='lat' dir='ltr'><strong>in</strong></span> <span class='ocrx_word' id='word_1_79' title='bbox 891 1049 1050 1096; x_wconf 79' lang='lat' dir='ltr'><strong>publicu</strong></span> <span class='ocrx_word' id='word_1_80' title='bbox 1079 1053 1188 1086; x_wconf 81' lang='lat' dir='ltr'><strong>nocte</strong></span> <span class='ocrx_word' id='word_1_81' title='bbox 1218 1049 1420 1092; x_wconf 83' lang='lat' dir='ltr'><strong>tabernas,</strong></span> <span class='ocrx_word' id='word_1_82' title='bbox 1457 1059 1534 1096; x_wconf 82' lang='lat' dir='ltr'><strong>qua</strong></span> <span class='ocrx_word' id='word_1_83' title='bbox 1558 1059 1683 1095; x_wconf 86' lang='lat' dir='ltr'><strong>popu-</strong></span> 
     </span>
     <span class='ocr_line' id='line_1_12' title="bbox 189 1120 1327 1180; baseline -0.001 -23"><span class='ocrx_word' id='word_1_84' title='bbox 189 1122 264 1180; x_wconf 43' lang='lat' dir='ltr'><strong>lus-</strong></span> <span class='ocrx_word' id='word_1_85' title='bbox 279 1121 508 1157; x_wconf 79' lang='lat' dir='ltr'><strong>ambulando</strong></span> <span class='ocrx_word' id='word_1_86' title='bbox 532 1120 700 1167; x_wconf 82' lang='lat' dir='ltr'><strong><em>proinde</em></strong></span> <span class='ocrx_word' id='word_1_87' title='bbox 729 1123 770 1156; x_wconf 81' lang='lat' dir='ltr'><strong>ut</strong></span> <span class='ocrx_word' id='word_1_88' title='bbox 799 1120 838 1156; x_wconf 84' lang='lat' dir='ltr'><strong>in</strong></span> <span class='ocrx_word' id='word_1_89' title='bbox 866 1123 978 1161; x_wconf 62' lang='lat' dir='ltr'><strong>artato</strong></span> <span class='ocrx_word' id='word_1_90' title='bbox 1005 1130 1150 1167; x_wconf 81' lang='lat' dir='ltr'><strong>porcas</strong></span> <span class='ocrx_word' id='word_1_91' title='bbox 1178 1121 1327 1156; x_wconf 82' lang='lat' dir='ltr'><strong><em>reddit?</em></strong></span> 
     </span>
    </p>
   </div>
   <div class='ocr_carea' id='block_1_6' title="bbox 191 1195 1729 2956">
    <p class='ocr_par' dir='ltr' id='par_1_7' title="bbox 191 1195 1729 2956">
     <span class='ocr_line' id='line_1_13' title="bbox 193 1195 1684 1267; baseline -0.002 -18"><span class='ocrx_word' id='word_1_92' title='bbox 193 1209 391 1249; x_wconf 88' lang='lat' dir='ltr'><strong>Ordinavi</strong></span> <span class='ocrx_word' id='word_1_93' title='bbox 425 1208 639 1257; x_wconf 27' lang='lat' dir='ltr'><strong>illa‘duce</strong></span> <span class='ocrx_word' id='word_1_94' title='bbox 667 1203 878 1267; x_wconf 60' lang='lat' dir='ltr'><strong>Scaligero</strong></span> <span class='ocrx_word' id='word_1_95' title='bbox 914 1209 956 1247; x_wconf 91' lang='lat' dir='ltr'><strong>in</strong></span> <span class='ocrx_word' id='word_1_96' title='bbox 994 1209 1269 1248; x_wconf 82' lang='lat' dir='ltr'><strong>coniectaneis</strong></span> <span class='ocrx_word' id='word_1_97' title='bbox 1298 1223 1337 1262; x_wconf 89' lang='lat' dir='ltr'><strong>p.</strong></span> <span class='ocrx_word' id='word_1_98' title='bbox 1366 1195 1524 1261; x_wconf 54' lang='lat' dir='ltr'><strong>54&#39;sq.‚</strong></span> <span class='ocrx_word' id='word_1_99' title='bbox 1564 1221 1684 1261; x_wconf 88' lang='lat' dir='ltr'><strong>quem</strong></span> 
     </span>
     <span class='ocr_line' id='line_1_14' title="bbox 193 1279 1683 1334; baseline -0.001 -13"><span class='ocrx_word' id='word_1_100' title='bbox 193 1281 393 1321; x_wconf 84' lang='lat' dir='ltr'><strong>Oehlerus</strong></span> <span class='ocrx_word' id='word_1_101' title='bbox 423 1294 534 1319; x_wconf 81' lang='lat' dir='ltr'><strong>more</strong></span> <span class='ocrx_word' id='word_1_102' title='bbox 565 1293 637 1318; x_wconf 88' lang='lat' dir='ltr'><strong>suo</strong></span> <span class='ocrx_word' id='word_1_103' title='bbox 669 1280 836 1332; x_wconf 84' lang='lat' dir='ltr'><strong>sprevit.</strong></span> <span class='ocrx_word' id='word_1_104' title='bbox 897 1279 999 1318; x_wconf 86' lang='lat' dir='ltr'><strong>Tria</strong></span> <span class='ocrx_word' id='word_1_105' title='bbox 1025 1280 1161 1332; x_wconf 86' lang='lat' dir='ltr'><strong>priora</strong></span> <span class='ocrx_word' id='word_1_106' title='bbox 1190 1281 1345 1334; x_wconf 78' lang='lat' dir='ltr'><strong>antiqui</strong></span> <span class='ocrx_word' id='word_1_107' title='bbox 1374 1281 1567 1332; x_wconf 85' lang='lat' dir='ltr'><strong>temporis</strong></span> <span class='ocrx_word' id='word_1_108' title='bbox 1595 1280 1683 1319; x_wconf 86' lang='lat' dir='ltr'><strong>lau-</strong></span> 
     </span>
     <span class='ocr_line' id='line_1_15' title="bbox 193 1351 1684 1404; baseline 0 -14"><span class='ocrx_word' id='word_1_109' title='bbox 193 1352 324 1391; x_wconf 85' lang='lat' dir='ltr'><strong>datori</strong></span> <span class='ocrx_word' id='word_1_110' title='bbox 354 1352 549 1400; x_wconf 84' lang='lat' dir='ltr'><strong>attribuo,</strong></span> <span class='ocrx_word' id='word_1_111' title='bbox 581 1352 651 1404; x_wconf 88' lang='lat' dir='ltr'><strong>qui</strong></span> <span class='ocrx_word' id='word_1_112' title='bbox 680 1351 863 1390; x_wconf 76' lang='lat' dir='ltr'><strong>noviciae</strong></span> <span class='ocrx_word' id='word_1_113' title='bbox 894 1351 1203 1390; x_wconf 85' lang='lat' dir='ltr'><strong>artfficiosorum</strong></span> <span class='ocrx_word' id='word_1_114' title='bbox 1230 1351 1555 1402; x_wconf 83' lang='lat' dir='ltr'><strong>pavimentorum</strong></span> <span class='ocrx_word' id='word_1_115' title='bbox 1584 1351 1684 1397; x_wconf 83' lang='lat' dir='ltr'><strong>deli-</strong></span> 
     </span>
     <span class='ocr_line' id='line_1_16' title="bbox 193 1421 1682 1475; baseline -0.001 -14"><span class='ocrx_word' id='word_1_116' title='bbox 193 1425 277 1462; x_wconf 85' lang='lat' dir='ltr'><strong>cias</strong></span> <span class='ocrx_word' id='word_1_117' title='bbox 319 1424 552 1462; x_wconf 84' lang='lat' dir='ltr'><strong>contemnit.</strong></span> <span class='ocrx_word' id='word_1_118' title='bbox 610 1423 771 1475; x_wconf 86' lang='lat' dir='ltr'>Nempe</span> <span class='ocrx_word' id='word_1_119' title='bbox 810 1421 1041 1461; x_wconf 86' lang='lat' dir='ltr'><strong>vindicarat</strong></span> <span class='ocrx_word' id='word_1_120' title='bbox 1082 1421 1153 1460; x_wconf 83' lang='lat' dir='ltr'><strong>ille</strong></span> <span class='ocrx_word' id='word_1_121' title='bbox 1187 1423 1326 1461; x_wconf 88' lang='lat' dir='ltr'><strong>nescio</strong></span> <span class='ocrx_word' id='word_1_122' title='bbox 1370 1422 1461 1475; x_wconf 86' lang='lat' dir='ltr'><strong>quis</strong></span> <span class='ocrx_word' id='word_1_123' title='bbox 1500 1422 1682 1473; x_wconf 85' lang='lat' dir='ltr'><strong>magnifi-</strong></span> 
     </span>
     <span class='ocr_line' id='line_1_17' title="bbox 194 1481 1684 1545; baseline -0.001 -12"><span class='ocrx_word' id='word_1_124' title='bbox 194 1495 383 1533; x_wconf 86' lang='lat' dir='ltr'><strong>centioris</strong></span> <span class='ocrx_word' id='word_1_125' title='bbox 423 1500 647 1534; x_wconf 84' lang='lat' dir='ltr'><strong>structurae</strong></span> <span class='ocrx_word' id='word_1_126' title='bbox 686 1499 840 1533; x_wconf 89' lang='lat' dir='ltr'><strong>amator</strong></span> <span class='ocrx_word' id='word_1_127' title='bbox 873 1505 1072 1531; x_wconf 84' lang='lat' dir='ltr'><strong>marmore</strong></span> <span class='ocrx_word' id='word_1_128' title='bbox 1112 1498 1330 1531; x_wconf 87' lang='lat' dir='ltr'><strong>stratorum</strong></span> <span class='ocrx_word' id='word_1_129' title='bbox 1358 1481 1684 1545; x_wconf 76' lang='lat' dir='ltr'><strong>pavimentorum</strong></span> 
     </span>
     <span class='ocr_line' id='line_1_18' title="bbox 193 1562 1683 1618; baseline 0 -15"><span class='ocrx_word' id='word_1_130' title='bbox 193 1579 308 1604; x_wconf 85' lang='lat' dir='ltr'><strong>usum</strong></span> <span class='ocrx_word' id='word_1_131' title='bbox 333 1565 510 1605; x_wconf 86' lang='lat' dir='ltr'><strong>humoris</strong></span> <span class='ocrx_word' id='word_1_132' title='bbox 537 1565 758 1618; x_wconf 87' lang='lat' dir='ltr'><strong>effugiendi</strong></span> <span class='ocrx_word' id='word_1_133' title='bbox 782 1565 954 1604; x_wconf 83' lang='lat' dir='ltr'><strong>ratione.</strong></span> <span class='ocrx_word' id='word_1_134' title='bbox 999 1562 1076 1602; x_wconf 85' lang='lat' dir='ltr'><strong>Cui</strong></span> <span class='ocrx_word' id='word_1_135' title='bbox 1097 1564 1163 1602; x_wconf 86' lang='lat' dir='ltr'><strong>hic</strong></span> <span class='ocrx_word' id='word_1_136' title='bbox 1186 1564 1236 1602; x_wconf 89' lang='lat' dir='ltr'><strong>fr.</strong></span> <span class='ocrx_word' id='word_1_137' title='bbox 1258 1564 1410 1603; x_wconf 87' lang='lat' dir='ltr'><strong>XVIII</strong></span> <span class='ocrx_word' id='word_1_138' title='bbox 1431 1564 1575 1613; x_wconf 87' lang='lat' dir='ltr'><strong>reiicit,</strong></span> <span class='ocrx_word' id='word_1_139' title='bbox 1595 1564 1683 1603; x_wconf 89' lang='lat' dir='ltr'><strong>nul-</strong></span> 
     </span>
     <span class='ocr_line' id='line_1_19' title="bbox 193 1633 1684 1687; baseline 0 -12"><span class='ocrx_word' id='word_1_140' title='bbox 193 1637 274 1675; x_wconf 88' lang='lat' dir='ltr'><strong>lam</strong></span> <span class='ocrx_word' id='word_1_141' title='bbox 303 1650 394 1676; x_wconf 86' lang='lat' dir='ltr'><strong>esse</strong></span> <span class='ocrx_word' id='word_1_142' title='bbox 422 1636 712 1675; x_wconf 90' lang='lat' dir='ltr'><strong>necessitatem</strong></span> <span class='ocrx_word' id='word_1_143' title='bbox 727 1637 770 1674; x_wconf 93' lang='lat' dir='ltr'><strong>in</strong></span> <span class='ocrx_word' id='word_1_144' title='bbox 789 1636 953 1674; x_wconf 91' lang='lat' dir='ltr'><strong>humum</strong></span> <span class='ocrx_word' id='word_1_145' title='bbox 970 1633 1205 1673; x_wconf 81' lang='lat' dir='ltr'><strong>effundendi</strong></span> <span class='ocrx_word' id='word_1_146' title='bbox 1225 1648 1391 1687; x_wconf 77' lang='lat' dir='ltr'><strong>aquam:</strong></span> <span class='ocrx_word' id='word_1_147' title='bbox 1424 1636 1461 1674; x_wconf 92' lang='lat' dir='ltr'><strong>ei</strong></span> <span class='ocrx_word' id='word_1_148' title='bbox 1478 1636 1568 1674; x_wconf 87' lang='lat' dir='ltr'><strong>usui</strong></span> <span class='ocrx_word' id='word_1_149' title='bbox 1588 1644 1684 1676; x_wconf 83' lang='lat' dir='ltr'><strong>con·</strong></span> 
     </span>
     <span class='ocr_line' id='line_1_20' title="bbox 192 1691 1684 1758; baseline 0.001 -13"><span class='ocrx_word' id='word_1_150' title='bbox 192 1707 358 1746; x_wconf 88' lang='lat' dir='ltr'><strong>fluvium</strong></span> <span class='ocrx_word' id='word_1_151' title='bbox 388 1708 584 1747; x_wconf 88' lang='lat' dir='ltr'><strong>inservire</strong></span> <span class='ocrx_word' id='word_1_152' title='bbox 611 1713 651 1746; x_wconf 90' lang='lat' dir='ltr'><strong>et</strong></span> <span class='ocrx_word' id='word_1_153' title='bbox 678 1708 896 1747; x_wconf 90' lang='lat' dir='ltr'><strong>urnarium.</strong></span> <span class='ocrx_word' id='word_1_154' title='bbox 951 1705 1069 1758; x_wconf 76' lang='lat' dir='ltr'><strong>Quae</strong></span> <span class='ocrx_word' id='word_1_155' title='bbox 1099 1718 1188 1743; x_wconf 85' lang='lat' dir='ltr'><strong>cum</strong></span> <span class='ocrx_word' id='word_1_156' title='bbox 1217 1691 1391 1745; x_wconf 80' lang='lat' dir='ltr'><strong>maxime</strong></span> <span class='ocrx_word' id='word_1_157' title='bbox 1423 1707 1582 1747; x_wconf 84' lang='lat' dir='ltr'><strong>culinae</strong></span> <span class='ocrx_word' id='word_1_158' title='bbox 1612 1708 1684 1747; x_wconf 84' lang='lat' dir='ltr'><strong>ad-</strong></span> 
     </span>
     <span class='ocr_line' id='line_1_21' title="bbox 194 1777 1682 1828; baseline 0.003 -12"><span class='ocrx_word' id='word_1_159' title='bbox 194 1784 396 1826; x_wconf 86' lang='lat' dir='ltr'><strong>moneant,</strong></span> <span class='ocrx_word' id='word_1_160' title='bbox 427 1784 563 1818; x_wconf 89' lang='lat' dir='ltr'><strong>tamen</strong></span> <span class='ocrx_word' id='word_1_161' title='bbox 592 1778 664 1818; x_wconf 81' lang='lat' dir='ltr'><strong>illa</strong></span> <span class='ocrx_word' id='word_1_162' title='bbox 689 1779 747 1817; x_wconf 89' lang='lat' dir='ltr'><strong>ita</strong></span> <span class='ocrx_word' id='word_1_163' title='bbox 777 1778 859 1818; x_wconf 88' lang='lat' dir='ltr'><strong>dici</strong></span> <span class='ocrx_word' id='word_1_164' title='bbox 883 1777 1086 1825; x_wconf 86' lang='lat' dir='ltr'><strong>videntur,</strong></span> <span class='ocrx_word' id='word_1_165' title='bbox 1114 1782 1160 1815; x_wconf 91' lang='lat' dir='ltr'><strong>ut</strong></span> <span class='ocrx_word' id='word_1_166' title='bbox 1180 1781 1348 1828; x_wconf 88' lang='lat' dir='ltr'><strong>propter</strong></span> <span class='ocrx_word' id='word_1_167' title='bbox 1370 1778 1580 1819; x_wconf 89' lang='lat' dir='ltr'><strong>humorem</strong></span> <span class='ocrx_word' id='word_1_168' title='bbox 1601 1793 1682 1819; x_wconf 90' lang='lat' dir='ltr'><strong>om-</strong></span> 
     </span>
     <span class='ocr_line' id='line_1_22' title="bbox 192 1849 1685 1902; baseline 0.003 -15"><span class='ocrx_word' id='word_1_169' title='bbox 192 1849 287 1887; x_wconf 92' lang='lat' dir='ltr'><strong>nino</strong></span> <span class='ocrx_word' id='word_1_170' title='bbox 332 1849 485 1888; x_wconf 89' lang='lat' dir='ltr'><strong>nullam</strong></span> <span class='ocrx_word' id='word_1_171' title='bbox 529 1863 620 1889; x_wconf 87' lang='lat' dir='ltr'><strong>esse</strong></span> <span class='ocrx_word' id='word_1_172' title='bbox 664 1850 986 1890; x_wconf 85' lang='lat' dir='ltr'><strong>lithostrotorum</strong></span> <span class='ocrx_word' id='word_1_173' title='bbox 1027 1849 1352 1902; x_wconf 83' lang='lat' dir='ltr'><strong>pavimentorum</strong></span> <span class='ocrx_word' id='word_1_174' title='bbox 1396 1852 1685 1891; x_wconf 84' lang='lat' dir='ltr'><strong>necessitatem</strong></span> 
     </span>
     <span class='ocr_line' id='line_1_23' title="bbox 194 1919 1685 1975; baseline 0.003 -18"><span class='ocrx_word' id='word_1_175' title='bbox 194 1919 428 1960; x_wconf 84' lang='lat' dir='ltr'><strong>affirmetur.</strong></span> <span class='ocrx_word' id='word_1_176' title='bbox 469 1921 519 1960; x_wconf 90' lang='lat' dir='ltr'><strong>Id</strong></span> <span class='ocrx_word' id='word_1_177' title='bbox 551 1921 660 1975; x_wconf 88' lang='lat' dir='ltr'><strong>quod</strong></span> <span class='ocrx_word' id='word_1_178' title='bbox 689 1922 818 1973; x_wconf 85' lang='lat' dir='ltr'><strong>magis</strong></span> <span class='ocrx_word' id='word_1_179' title='bbox 849 1921 972 1960; x_wconf 87' lang='lat' dir='ltr'><strong>etiam</strong></span> <span class='ocrx_word' id='word_1_180' title='bbox 995 1919 1045 1959; x_wconf 87' lang='lat' dir='ltr'><strong>fr.</strong></span> <span class='ocrx_word' id='word_1_181' title='bbox 1072 1919 1183 1958; x_wconf 90' lang='lat' dir='ltr'><strong>XIX</strong></span> <span class='ocrx_word' id='word_1_182' title='bbox 1211 1925 1395 1972; x_wconf 82' lang='lat' dir='ltr'><strong>apparet,</strong></span> <span class='ocrx_word' id='word_1_183' title='bbox 1426 1922 1469 1960; x_wconf 91' lang='lat' dir='ltr'><strong>in</strong></span> <span class='ocrx_word' id='word_1_184' title='bbox 1490 1935 1571 1974; x_wconf 88' lang='lat' dir='ltr'><strong>quo</strong></span> <span class='ocrx_word' id='word_1_185' title='bbox 1594 1935 1685 1961; x_wconf 87' lang='lat' dir='ltr'><strong>cum</strong></span> 
     </span>
     <span class='ocr_line' id='line_1_24' title="bbox 193 1990 1685 2038; baseline 0.003 -9"><span class='ocrx_word' id='word_1_186' title='bbox 193 1990 388 2030; x_wconf 82' lang='lat' dir='ltr'><strong>urbanam</strong></span> <span class='ocrx_word' id='word_1_187' title='bbox 417 1992 589 2031; x_wconf 86' lang='lat' dir='ltr'><strong>ironiam</strong></span> <span class='ocrx_word' id='word_1_188' title='bbox 607 2006 690 2032; x_wconf 92' lang='lat' dir='ltr'><strong>non</strong></span> <span class='ocrx_word' id='word_1_189' title='bbox 709 1992 971 2032; x_wconf 85' lang='lat' dir='ltr'><strong>adverterent</strong></span> <span class='ocrx_word' id='word_1_190' title='bbox 993 1995 1261 2038; x_wconf 79' lang='lat' dir='ltr'><strong>enarratores,</strong></span> <span class='ocrx_word' id='word_1_191' title='bbox 1289 2004 1371 2029; x_wconf 89' lang='lat' dir='ltr'><strong>non</strong></span> <span class='ocrx_word' id='word_1_192' title='bbox 1390 1994 1569 2032; x_wconf 83' lang='lat' dir='ltr'><strong>assecuti</strong></span> <span class='ocrx_word' id='word_1_193' title='bbox 1591 1998 1685 2032; x_wconf 90' lang='lat' dir='ltr'><strong>sunt</strong></span> 
     </span>
     <span class='ocr_line' id='line_1_25' title="bbox 193 2049 1684 2116; baseline 0.003 -17"><span class='ocrx_word' id='word_1_194' title='bbox 193 2063 449 2102; x_wconf 81' lang='lat' dir='ltr'><strong>sententiam.</strong></span> <span class='ocrx_word' id='word_1_195' title='bbox 511 2065 711 2103; x_wconf 87' lang='lat' dir='ltr'><strong>Nimirum</strong></span> <span class='ocrx_word' id='word_1_196' title='bbox 746 2064 823 2102; x_wconf 83' lang='lat' dir='ltr'><strong>hoe</strong></span> <span class='ocrx_word' id='word_1_197' title='bbox 853 2062 952 2101; x_wconf 87' lang='lat' dir='ltr'><strong>dicit</strong></span> <span class='ocrx_word' id='word_1_198' title='bbox 984 2062 1140 2113; x_wconf 83' lang='lat' dir='ltr'><strong>antiqui</strong></span> <span class='ocrx_word' id='word_1_199' title='bbox 1169 2061 1291 2100; x_wconf 85' lang='lat' dir='ltr'><strong>moris</strong></span> <span class='ocrx_word' id='word_1_200' title='bbox 1317 2049 1488 2102; x_wconf 86' lang='lat' dir='ltr'><strong>vindex:</strong></span> <span class='ocrx_word' id='word_1_201' title='bbox 1538 2063 1684 2116; x_wconf 87' lang='lat' dir='ltr'><strong>quodsi</strong></span> 
     </span>
     <span class='ocr_line' id='line_1_26' title="bbox 192 2131 1683 2186; baseline 0.001 -15"><span class='ocrx_word' id='word_1_202' title='bbox 192 2138 263 2172; x_wconf 88' lang='lat' dir='ltr'><strong>tua</strong></span> <span class='ocrx_word' id='word_1_203' title='bbox 290 2133 363 2172; x_wconf 88' lang='lat' dir='ltr'><strong>illa</strong></span> <span class='ocrx_word' id='word_1_204' title='bbox 391 2136 626 2186; x_wconf 87' lang='lat' dir='ltr'><strong>pavimenta</strong></span> <span class='ocrx_word' id='word_1_205' title='bbox 652 2134 830 2173; x_wconf 85' lang='lat' dir='ltr'><strong>humoris</strong></span> <span class='ocrx_word' id='word_1_206' title='bbox 862 2131 1083 2182; x_wconf 82' lang='lat' dir='ltr'><strong>effugiendi</strong></span> <span class='ocrx_word' id='word_1_207' title='bbox 1104 2144 1229 2170; x_wconf 86' lang='lat' dir='ltr'><strong>eausa</strong></span> <span class='ocrx_word' id='word_1_208' title='bbox 1254 2133 1445 2182; x_wconf 82' lang='lat' dir='ltr'><strong>instituis,</strong></span> <span class='ocrx_word' id='word_1_209' title='bbox 1476 2133 1602 2173; x_wconf 87' lang='lat' dir='ltr'><strong>debes</strong></span> <span class='ocrx_word' id='word_1_210' title='bbox 1625 2135 1683 2173; x_wconf 89' lang='lat' dir='ltr'><strong>la-</strong></span> 
     </span>
     <span class='ocr_line' id='line_1_27' title="bbox 194 2202 1684 2257; baseline 0.001 -15"><span class='ocrx_word' id='word_1_211' title='bbox 194 2217 338 2242; x_wconf 85' lang='lat' dir='ltr'><strong>cunam</strong></span> <span class='ocrx_word' id='word_1_212' title='bbox 373 2206 415 2242; x_wconf 93' lang='lat' dir='ltr'><strong>in</strong></span> <span class='ocrx_word' id='word_1_213' title='bbox 444 2205 678 2256; x_wconf 88' lang='lat' dir='ltr'><strong>pavimento</strong></span> <span class='ocrx_word' id='word_1_214' title='bbox 709 2206 869 2252; x_wconf 89' lang='lat' dir='ltr'><strong>facere,</strong></span> <span class='ocrx_word' id='word_1_215' title='bbox 914 2203 955 2242; x_wconf 91' lang='lat' dir='ltr'><strong>in</strong></span> <span class='ocrx_word' id='word_1_216' title='bbox 984 2216 1105 2255; x_wconf 82' lang='lat' dir='ltr'><strong>quam</strong></span> <span class='ocrx_word' id='word_1_217' title='bbox 1135 2202 1288 2242; x_wconf 80' lang='lat' dir='ltr'><strong>defluat</strong></span> <span class='ocrx_word' id='word_1_218' title='bbox 1318 2218 1426 2257; x_wconf 89' lang='lat' dir='ltr'><strong>aqua</strong></span> <span class='ocrx_word' id='word_1_219' title='bbox 1457 2204 1605 2244; x_wconf 82' lang='lat' dir='ltr'><strong>effusa:</strong></span> <span class='ocrx_word' id='word_1_220' title='bbox 1642 2206 1684 2244; x_wconf 91' lang='lat' dir='ltr'><strong>id</strong></span> 
     </span>
     <span class='ocr_line' id='line_1_28' title="bbox 193 2268 1729 2330; baseline 0.002 -17"><span class='ocrx_word' id='word_1_221' title='bbox 193 2288 291 2313; x_wconf 90' lang='lat' dir='ltr'><strong>vero</strong></span> <span class='ocrx_word' id='word_1_222' title='bbox 315 2288 396 2313; x_wconf 93' lang='lat' dir='ltr'><strong>non</strong></span> <span class='ocrx_word' id='word_1_223' title='bbox 426 2274 540 2314; x_wconf 88' lang='lat' dir='ltr'><strong>ducis</strong></span> <span class='ocrx_word' id='word_1_224' title='bbox 570 2275 660 2313; x_wconf 85' lang='lat' dir='ltr'><strong>usui</strong></span> <span class='ocrx_word' id='word_1_225' title='bbox 692 2287 806 2323; x_wconf 85' lang='lat' dir='ltr'><strong>esse,</strong></span> <span class='ocrx_word' id='word_1_226' title='bbox 836 2286 926 2313; x_wconf 88' lang='lat' dir='ltr'><strong>cum</strong></span> <span class='ocrx_word' id='word_1_227' title='bbox 955 2279 1091 2313; x_wconf 84' lang='lat' dir='ltr'><strong>tamen</strong></span> <span class='ocrx_word' id='word_1_228' title='bbox 1121 2275 1162 2313; x_wconf 94' lang='lat' dir='ltr'><strong>in</strong></span> <span class='ocrx_word' id='word_1_229' title='bbox 1188 2275 1333 2325; x_wconf 91' lang='lat' dir='ltr'><strong>humu,</strong></span> <span class='ocrx_word' id='word_1_230' title='bbox 1370 2277 1406 2315; x_wconf 85' lang='lat' dir='ltr'><strong>si</strong></span> <span class='ocrx_word' id='word_1_231' title='bbox 1434 2275 1542 2315; x_wconf 86' lang='lat' dir='ltr'><strong>absit</strong></span> <span class='ocrx_word' id='word_1_232' title='bbox 1568 2278 1683 2330; x_wconf 86' lang='lat' dir='ltr'><strong>pavi·</strong></span> <span class='ocrx_word' id='word_1_233' title='bbox 1726 2268 1729 2269; x_wconf 32' lang='lat'><em>⁷</em></span> 
     </span>
     <span class='ocr_line' id='line_1_29' title="bbox 192 2344 1682 2399; baseline 0.001 -14"><span class='ocrx_word' id='word_1_234' title='bbox 192 2353 392 2394; x_wconf 86' lang='lat' dir='ltr'><strong>mentum,</strong></span> <span class='ocrx_word' id='word_1_235' title='bbox 440 2358 611 2385; x_wconf 87' lang='lat' dir='ltr'><strong>vereare</strong></span> <span class='ocrx_word' id='word_1_236' title='bbox 654 2358 705 2384; x_wconf 89' lang='lat' dir='ltr'><strong>ne</strong></span> <span class='ocrx_word' id='word_1_237' title='bbox 751 2344 912 2384; x_wconf 86' lang='lat' dir='ltr'><strong>calceos</strong></span> <span class='ocrx_word' id='word_1_238' title='bbox 949 2345 1076 2384; x_wconf 80' lang='lat' dir='ltr'><strong>facias</strong></span> <span class='ocrx_word' id='word_1_239' title='bbox 1112 2346 1253 2386; x_wconf 89' lang='lat' dir='ltr'><strong>elixos.</strong></span> <span class='ocrx_word' id='word_1_240' title='bbox 1322 2347 1455 2399; x_wconf 77' lang='lat' dir='ltr'><strong>Quam</strong></span> <span class='ocrx_word' id='word_1_241' title='bbox 1489 2362 1514 2387; x_wconf 92' lang='lat' dir='ltr'><strong>a</strong></span> <span class='ocrx_word' id='word_1_242' title='bbox 1551 2348 1682 2397; x_wconf 87' lang='lat' dir='ltr'><strong>vobis,</strong></span> 
     </span>
     <span class='ocr_line' id='line_1_30' title="bbox 192 2416 1683 2472; baseline 0.002 -16"><span class='ocrx_word' id='word_1_243' title='bbox 192 2419 327 2470; x_wconf 86' lang='lat' dir='ltr'><strong>pergit</strong></span> <span class='ocrx_word' id='word_1_244' title='bbox 366 2418 415 2457; x_wconf 89' lang='lat' dir='ltr'><strong>fr.</strong></span> <span class='ocrx_word' id='word_1_245' title='bbox 454 2417 562 2465; x_wconf 86' lang='lat' dir='ltr'><strong>XX,</strong></span> <span class='ocrx_word' id='word_1_246' title='bbox 601 2416 752 2456; x_wconf 84' lang='lat' dir='ltr'><strong>diversi</strong></span> <span class='ocrx_word' id='word_1_247' title='bbox 789 2417 944 2470; x_wconf 86' lang='lat' dir='ltr'><strong>antiqui</strong></span> <span class='ocrx_word' id='word_1_248' title='bbox 982 2417 1131 2465; x_wconf 88' lang='lat' dir='ltr'><strong>nostri,</strong></span> <span class='ocrx_word' id='word_1_249' title='bbox 1170 2419 1243 2471; x_wconf 86' lang='lat' dir='ltr'><strong>qui</strong></span> <span class='ocrx_word' id='word_1_250' title='bbox 1269 2418 1423 2472; x_wconf 84' lang='lat' dir='ltr'><strong>absque</strong></span> <span class='ocrx_word' id='word_1_251' title='bbox 1454 2420 1683 2459; x_wconf 89' lang='lat' dir='ltr'><strong>artificiosis</strong></span> 
     </span>
     <span class='ocr_line' id='line_1_31' title="bbox 191 2486 1682 2544; baseline 0.002 -17"><span class='ocrx_word' id='word_1_252' title='bbox 191 2488 432 2540; x_wconf 81' lang='lat' dir='ltr'><strong>pavimentis</strong></span> <span class='ocrx_word' id='word_1_253' title='bbox 462 2489 505 2527; x_wconf 91' lang='lat' dir='ltr'><strong>in</strong></span> <span class='ocrx_word' id='word_1_254' title='bbox 535 2486 718 2526; x_wconf 89' lang='lat' dir='ltr'><strong>domibus</strong></span> <span class='ocrx_word' id='word_1_255' title='bbox 745 2488 827 2526; x_wconf 86' lang='lat' dir='ltr'><strong>suis</strong></span> <span class='ocrx_word' id='word_1_256' title='bbox 855 2487 1048 2527; x_wconf 85' lang='lat' dir='ltr'><strong>latericiis</strong></span> <span class='ocrx_word' id='word_1_257' title='bbox 1075 2488 1285 2541; x_wconf 89' lang='lat' dir='ltr'><strong>paululum</strong></span> <span class='ocrx_word' id='word_1_258' title='bbox 1304 2490 1436 2539; x_wconf 87' lang='lat' dir='ltr'><strong>modo,</strong></span> <span class='ocrx_word' id='word_1_259' title='bbox 1468 2505 1548 2544; x_wconf 87' lang='lat' dir='ltr'><strong>quo</strong></span> <span class='ocrx_word' id='word_1_260' title='bbox 1572 2505 1682 2529; x_wconf 89' lang='lat' dir='ltr'><strong>umo-</strong></span> 
     </span>
     <span class='ocr_line' id='line_1_32' title="bbox 192 2557 1682 2612; baseline 0.001 -14"><span class='ocrx_word' id='word_1_261' title='bbox 192 2572 278 2598; x_wconf 87' lang='lat' dir='ltr'><strong>rem</strong></span> <span class='ocrx_word' id='word_1_262' title='bbox 315 2560 572 2610; x_wconf 82' lang='lat' dir='ltr'><strong>ecfugerent,</strong></span> <span class='ocrx_word' id='word_1_263' title='bbox 614 2558 819 2612; x_wconf 84' lang='lat' dir='ltr'><strong>lapidibus</strong></span> <span class='ocrx_word' id='word_1_264' title='bbox 857 2557 1097 2599; x_wconf 86' lang='lat' dir='ltr'><strong>suffundatis</strong></span> <span class='ocrx_word' id='word_1_265' title='bbox 1127 2560 1380 2601; x_wconf 87' lang='lat' dir='ltr'><strong>habitabant.</strong></span> <span class='ocrx_word' id='word_1_266' title='bbox 1435 2562 1502 2601; x_wconf 87' lang='lat' dir='ltr'><strong>Ita</strong></span> <span class='ocrx_word' id='word_1_267' title='bbox 1542 2561 1682 2601; x_wconf 90' lang='lat' dir='ltr'><strong>viden-</strong></span> 
     </span>
     <span class='ocr_line' id='line_1_33' title="bbox 192 2629 1685 2685; baseline 0.001 -16"><span class='ocrx_word' id='word_1_268' title='bbox 192 2637 258 2669; x_wconf 89' lang='lat' dir='ltr'><strong>tur</strong></span> <span class='ocrx_word' id='word_1_269' title='bbox 292 2630 389 2669; x_wconf 87' lang='lat' dir='ltr'><strong>mihi</strong></span> <span class='ocrx_word' id='word_1_270' title='bbox 429 2635 522 2683; x_wconf 83' lang='lat' dir='ltr'><strong>apte</strong></span> <span class='ocrx_word' id='word_1_271' title='bbox 559 2629 655 2669; x_wconf 86' lang='lat' dir='ltr'><strong>illae</strong></span> <span class='ocrx_word' id='word_1_272' title='bbox 685 2629 883 2683; x_wconf 87' lang='lat' dir='ltr'><strong>reliquiae</strong></span> <span class='ocrx_word' id='word_1_273' title='bbox 910 2644 1004 2671; x_wconf 86' lang='lat' dir='ltr'><strong>sese</strong></span> <span class='ocrx_word' id='word_1_274' title='bbox 1033 2632 1236 2685; x_wconf 83' lang='lat' dir='ltr'><strong>excipere.</strong></span> <span class='ocrx_word' id='word_1_275' title='bbox 1295 2634 1364 2672; x_wconf 83' lang='lat' dir='ltr'><strong>Fr.</strong></span> <span class='ocrx_word' id='word_1_276' title='bbox 1395 2633 1548 2673; x_wconf 92' lang='lat' dir='ltr'><strong>XVIII</strong></span> <span class='ocrx_word' id='word_1_277' title='bbox 1576 2632 1685 2685; x_wconf 88' lang='lat' dir='ltr'><strong>quod</strong></span> 
     </span>
     <span class='ocr_line' id='line_1_34' title="bbox 192 2701 1685 2754; baseline 0.001 -14"><span class='ocrx_word' id='word_1_278' title='bbox 192 2702 342 2754; x_wconf 86' lang='lat' dir='ltr'><strong>legitur</strong></span> <span class='ocrx_word' id='word_1_279' title='bbox 381 2704 482 2741; x_wconf 86' lang='lat' dir='ltr'><strong>iubet</strong></span> <span class='ocrx_word' id='word_1_280' title='bbox 520 2707 561 2741; x_wconf 85' lang='lat' dir='ltr'><strong>et</strong></span> <span class='ocrx_word' id='word_1_281' title='bbox 596 2714 672 2740; x_wconf 86' lang='lat' dir='ltr'><strong>non</strong></span> <span class='ocrx_word' id='word_1_282' title='bbox 703 2703 822 2740; x_wconf 77' lang='lat' dir='ltr'><strong>habes</strong></span> <span class='ocrx_word' id='word_1_283' title='bbox 858 2701 1044 2754; x_wconf 83' lang='lat' dir='ltr'><strong>Scaliger</strong></span> <span class='ocrx_word' id='word_1_284' title='bbox 1085 2705 1286 2744; x_wconf 83' lang='lat' dir='ltr'><strong>correxit:</strong></span> <span class='ocrx_word' id='word_1_285' title='bbox 1335 2705 1377 2743; x_wconf 89' lang='lat' dir='ltr'><strong>in</strong></span> <span class='ocrx_word' id='word_1_286' title='bbox 1417 2704 1530 2743; x_wconf 86' lang='lat' dir='ltr'><strong>libris</strong></span> <span class='ocrx_word' id='word_1_287' title='bbox 1560 2704 1685 2743; x_wconf 91' lang='lat' dir='ltr'><strong>Nonii</strong></span> 
     </span>
     <span class='ocr_line' id='line_1_35' title="bbox 192 2772 1682 2827; baseline 0 -15"><span class='ocrx_word' id='word_1_288' title='bbox 192 2787 230 2825; x_wconf 89' lang='lat' dir='ltr'><strong>p.</strong></span> <span class='ocrx_word' id='word_1_289' title='bbox 263 2778 343 2820; x_wconf 80' lang='lat'>544,</span> <span class='ocrx_word' id='word_1_290' title='bbox 376 2778 419 2814; x_wconf 89' lang='lat'><strong>17</strong></span> <span class='ocrx_word' id='word_1_291' title='bbox 447 2775 548 2812; x_wconf 77' lang='lat' dir='ltr'><strong>iuvet</strong></span> <span class='ocrx_word' id='word_1_292' title='bbox 578 2778 619 2811; x_wconf 92' lang='lat' dir='ltr'><strong>et</strong></span> <span class='ocrx_word' id='word_1_293' title='bbox 644 2775 720 2813; x_wconf 70' lang='lat' dir='ltr'><strong>non</strong></span> <span class='ocrx_word' id='word_1_294' title='bbox 748 2774 860 2811; x_wconf 74' lang='lat' dir='ltr'><strong>habet</strong></span> <span class='ocrx_word' id='word_1_295' title='bbox 885 2772 1110 2813; x_wconf 83' lang='lat' dir='ltr'><strong>exhibetur.</strong></span> <span class='ocrx_word' id='word_1_296' title='bbox 1171 2774 1388 2814; x_wconf 88' lang='lat' dir='ltr'><strong>Plumbum</strong></span> <span class='ocrx_word' id='word_1_297' title='bbox 1413 2773 1522 2827; x_wconf 90' lang='lat' dir='ltr'><strong>quod</strong></span> <span class='ocrx_word' id='word_1_298' title='bbox 1547 2773 1600 2812; x_wconf 90' lang='lat' dir='ltr'><strong>ad</strong></span> <span class='ocrx_word' id='word_1_299' title='bbox 1620 2787 1682 2812; x_wconf 86' lang='lat' dir='ltr'><strong>re·</strong></span> 
     </span>
     <span class='ocr_line' id='line_1_36' title="bbox 193 2842 1683 2897; baseline 0 -15"><span class='ocrx_word' id='word_1_300' title='bbox 193 2843 409 2883; x_wconf 84' lang='lat' dir='ltr'><strong>sarcienda</strong></span> <span class='ocrx_word' id='word_1_301' title='bbox 452 2857 556 2883; x_wconf 84' lang='lat' dir='ltr'><strong>vasa</strong></span> <span class='ocrx_word' id='word_1_302' title='bbox 597 2849 765 2897; x_wconf 83' lang='lat' dir='ltr'><strong>pertusa</strong></span> <span class='ocrx_word' id='word_1_303' title='bbox 808 2843 993 2884; x_wconf 83' lang='lat' dir='ltr'><strong>adhiberi</strong></span> <span class='ocrx_word' id='word_1_304' title='bbox 1038 2845 1202 2893; x_wconf 85' lang='lat' dir='ltr'><strong>dicitur,</strong></span> <span class='ocrx_word' id='word_1_305' title='bbox 1251 2844 1459 2885; x_wconf 83' lang='lat' dir='ltr'><strong>Iuvenalis</strong></span> <span class='ocrx_word' id='word_1_306' title='bbox 1497 2842 1683 2882; x_wconf 86' lang='lat' dir='ltr'><strong>versibus</strong></span> 
     </span>
     <span class='ocr_line' id='line_1_37' title="bbox 192 2913 656 2956; baseline 0.009 -4"><span class='ocrx_word' id='word_1_307' title='bbox 192 2913 420 2954; x_wconf 87' lang='lat' dir='ltr'><strong>illustratur</strong></span> <span class='ocrx_word' id='word_1_308' title='bbox 451 2915 556 2954; x_wconf 92' lang='lat' dir='ltr'><strong>XIV</strong></span> <span class='ocrx_word' id='word_1_309' title='bbox 585 2921 656 2956; x_wconf 82' lang='lat'><strong>308</strong></span> 
     </span>
    </p>
   </div>
   <div class='ocr_carea' id='block_1_7' title="bbox 265 2982 1410 3023">
    <p class='ocr_par' dir='ltr' id='par_1_8' title="bbox 265 2982 1410 3023">
     <span class='ocr_line' id='line_1_38' title="bbox 265 2982 1410 3023; baseline -0.001 -9"><span class='ocrx_word' id='word_1_310' title='bbox 265 2982 442 3023; x_wconf 72' lang='lat' dir='ltr'><strong>VAann,</strong></span> <span class='ocrx_word' id='word_1_311' title='bbox 466 2982 574 3014; x_wconf 73' lang='lat' dir='ltr'><strong>Com.</strong></span> <span class='ocrx_word' id='word_1_312' title='bbox 594 2992 633 3014; x_wconf 76' lang='lat' dir='ltr'><strong>m</strong></span> <span class='ocrx_word' id='word_1_313' title='bbox 652 2982 772 3015; x_wconf 73' lang='lat' dir='ltr'><strong>VARR.</strong></span> <span class='ocrx_word' id='word_1_314' title='bbox 791 2992 870 3015; x_wconf 71' lang='lat' dir='ltr'><strong>sA‘r.</strong></span> <span class='ocrx_word' id='word_1_315' title='bbox 1273 2998 1275 3001; x_wconf 96' lang='lat'>·</span> <span class='ocrx_word' id='word_1_316' title='bbox 1358 2983 1410 3023; x_wconf 84' lang='lat'><strong>.11</strong></span> 
     </span>
    </p>
   </div>
  </div>
 </body>
</html>
