1898 3236
746 302 1091 335 commensus.
1614 279 1668 333 79

384 411 558 449 Musteus
585 416 663 448 est:
690 421 875 458 propera‚
905 421 1021 448 caros
1050 416 1121 447 nec
1144 409 1263 457 differ
1291 410 1445 445 amicos.

449 483 549 519 Nam
577 483 671 519 mike·
695 493 781 541 eva-m
811 482 934 519 vetulo
962 483 1012 518 sit
1035 486 1220 529 petasone
1244 479 1349 517 nihil.

178 584 237 642 At
275 583 371 634 vero
410 582 508 632 illud
547 593 800 632 incommodo
831 600 913 641 est,
935 593 1065 646 ’quod
1091 604 1235 632 vocem
1265 593 1416 644 ipsam,
1443 604 1571 649 quam·
1590 589 1670 629 duo

182 664 397 716 designent
428 664 623 716 epitheta,
655 664 957 703 desideramus:
996 677 1073 702 nec
1106 670 1242 703 tamen
1275 676 1364 702 eam
1394 664 1527 715 repeti
1555 674 1578 701 e
1605 677 1670 701 su-

179 735 418 786 perioribUS,
449 749 553 787 quae
576 736 731 774 Nonius
754 734 1085 788 praetermiserit,
1109 736 1198 786 ipsa
1219 734 1485 774 conformatio
1508 738 1671 774 senten-

177 807 258 844 tiae
299 807 406 845 sinit.
466 807 572 845 Nam
613 814 681 845 aut
719 806 841 845 fallor
879 812 946 845 aut
975 806 1079 844 haec
1106 806 1150 850 in>
1177 805 1407 857 exemplum
1437 805 1547 844 dieta
1578 795 1672 844 sunt

179 889 337 924 eorum,
386 878 454 929 qui
493 877 603 931 quod
635 883 728 916 ante
752 876 879 930 pedes
910 882 973 915 est
1001 890 1082 915 non
1110 876 1274 924 vident,
1307 875 1411 914 caeli
1440 882 1673 915 scrutantur

179 947 344 998 plagas:
383 954 426 985 ut
461 948 597 986 malim
625 963 699 1000 pro
727 955 764 987 et
793 949 934 1001 reponi
973 955 1026 986 ut.
1086 949 1273 999 Augetur
1311 946 1412 986 illud
1454 948 1670 986 incommo-

182 1017 296 1066 dum,
329 1019 437 1071 quod
467 1033 549 1057 non
578 1020 636 1058 ita
668 1020 873 1072 discrepat
899 1021 961 1060 vis
991 1033 1138 1059 vocum
1166 1024 1339 1057 recentes
1369 1024 1410 1056 et
1439 1022 1596 1065 mustei,
1628 1025 1673 1057 ut

181 1094 275 1140 apte
306 1089 420 1127 iuxta
449 1097 662 1141 ponantur.
720 1091 826 1130 Nam
855 1090 1051 1144 quidquid
1078 1090 1280 1129 Oehlerus
1307 1097 1448 1129 eontra
1477 1090 1671 1143 disputat,

180 1166 379 1198 musteum
406 1160 472 1199 vel
504 1167 678 1215 mustum
703 1167 873 1200 vocatur
903 1174 1021 1199 omne
1052 1162 1161 1214 quod
1191 1161 1395 1201 novellum
1425 1161 1493 1201 vel
1529 1174 1672 1199 recens

182 1236 244 1268 est
276 1229 347 1280 (ef.
369 1231 525 1269 Nonius
550 1245 588 1283 p.
626 1238 712 1280 136,
743 1239 766 1274 6
799 1238 839 1271 et
869 1232 1069 1272 Martialis
1096 1232 1125 1271 l.
1155 1245 1189 1271 c.
1231 1232 1416 1283 Scaliger
1440 1234 1481 1271 in
1513 1233 1672 1271 coniec-

181 1300 313 1338 taneis
339 1315 378 1352 p.
409 1301 516 1352 204),
550 1302 660 1355 quod
694 1316 783 1342 cum
813 1303 863 1342 de
893 1304 999 1342 malo
1024 1302 1092 1342 vel
1122 1303 1320 1342 fructibus
1348 1303 1520 1350 dicatur,
1552 1303 1676 1341 etiam

181 1371 291 1418 suci,
329 1361 434 1423 quae
465 1374 688 1411 recentium
714 1380 798 1422 est,
831 1374 1120 1413 abundantiam
1151 1374 1351 1424 designat.
1413 1374 1552 1425 Quare
1574 1374 1673 1412 For-

182 1440 353 1480 eellinus
386 1449 562 1481 recentes
599 1458 679 1483 non
717 1446 855 1497 inepte
886 1460 958 1497 pro
988 1445 1327 1498 interpolamento
1355 1443 1518 1482 habuit:
1557 1443 1675 1482 modo

182 1511 283 1549 illud
322 1513 444 1550 etiam
471 1513 738 1563 advertisset,
783 1530 863 1554 non
896 1516 1025 1554 solum
1055 1515 1305 1554 subdititiam
1336 1527 1478 1553 vocem
1504 1515 1546 1552 in
1572 1515 1675 1554 Var-

183 1582 294 1620 ronis
339 1582 466 1621 verba
503 1584 726 1633 invectam,
774 1586 847 1625 sed
889 1586 1032 1625 eadem
1070 1600 1180 1634 eam,
1223 1599 1344 1639 quam
1381 1584 1675 1634 desideramus,

185 1653 357 1690 eiectam
386 1667 492 1692 esse.
541 1655 680 1707 Tetigi
712 1657 790 1695 hoe
818 1670 947 1708 genus
979 1653 1301 1711 interpolationis
1333 1656 1375 1694 in
1402 1655 1676 1707 superioribus

184 1737 224 1774 p.
252 1727 271 1763 7
301 1736 386 1774 sq.:
418 1738 494 1762 nee
533 1728 628 1765 novi
666 1728 848 1766 eiusdem
890 1730 1038 1768 certius
1077 1743 1124 1768 ac
1162 1727 1408 1766 luculentius
1447 1726 1678 1778 exemplum

187 1807 256 1841 eo,
293 1807 372 1846 quo
403 1795 689 1836 Lachmannus
728 1800 769 1837 in
809 1799 961 1838 Catulli
996 1799 1215 1850 galliambo
1250 1804 1296 1839 75
1327 1812 1399 1850 pro
1428 1798 1677 1849 ineptissimo

182 1868 354 1914 yeminas
389 1869 637 1906 deorum'ad
676 1872 786 1907 auris
825 1870 1083 1909 scribendum
1123 1873 1298 1920 yeminas
1325 1872 1462 1908 matris
1491 1872 1543 1906 ad
1571 1871 1680 1906 auris

186 1935 287 1998 digit
325 1937 376 1975 ad
412 1937 593 1977 Lucretii
636 1939 782 1978 librum
811 1942 831 1979 I
861 1948 944 1983 824.
1003 1943 1199 1982 Varronis
1244 1947 1379 1980 autem
1409 1940 1680 1990 fragmentum

185 2019 290 2044 nunc
320 2007 378 2045 ita
409 2007 599 2059 distingui
630 2017 808 2062 oportet:

931 2122 973 2154 ut
993 2119 1114 2165 pueri
1140 2117 1178 2154 in
1205 2115 1364 2153 ae'dibus

389 2180 556 2229 Sae'pius
579 2184 744 2231 pedibus
767 2186 977 2233 offensam,
1009 2188 1097 2224 cham
1119 2193 1327 2235 petasones
1354 2187 1520 2224 masteos

386 2246 439 2290 'In
467 2255 652 2291 carnario'
677 2257 835 2302 fluitare
862 2257 1089 2303 snispiciunt.

187 2353 353 2390 Pedibus
396 2353 597 2417 producta
638 2353 780 2393 ultima
821 2355 942 2395 hodie
979 2359 1131 2398 nemini
1171 2357 1406 2411 scrupulum
1435 2357 1580 2396 addet:
1626 2357 1680 2395 cf.

187 2423 438 2462 Ritschelius
470 2424 511 2461 in
531 2437 637 2463 novo
667 2437 804 2464 museo
834 2426 966 2467 Rhen.
994 2429 1100 2469 VIII
1125 2444 1166 2483 p.
1194 2436 1276 2472 490.

301 2504 373 2543 Bis
408 2506 488 2543 iam
527 2505 569 2543 in
605 2506 880 2558 superioribus
915 2497 1300 2548 rspouwAmmn'mu
1339 2509 1392 2549 ad
1434 2515 1573 2562 partes
1611 2523 1682 2548 vo-

190 2574 294 2622 cavi,
322 2588 401 2627 quo
431 2577 493 2614 sui
519 2576 693 2616 Varroni
722 2592 866 2618 versus
896 2580 1179 2621 redderentur.
1240 2581 1360 2620 Addo
1385 2595 1492 2621 nunc
1519 2581 1601 2620 illis
1633 2593 1683 2618 ex

190 2644 335 2684 eadem
366 2651 506 2685 satura
536 2654 727 2700 quattuor
758 2650 956 2700 nondum,
991 2650 1102 2705 quod
1131 2651 1272 2700 sciam,
1305 2666 1329 2690 a
1361 2665 1566 2705 quoquam
1595 2665 1682 2689 sus-

190 2716 348 2754 citatos.
389 2716 457 2755 Sic
488 2719 538 2756 fr.
567 2725 611 2761 7.·
640 2722 774 2759 Uerum
805 2724 907 2760 oculi
932 2724 1026 2760 mihi
1047 2725 1293 2768 caet-uniunt,
1320 2735 1371 2760 an
1401 2735 1470 2772 eqo
1487 2725 1578 2774 ⁴vidi
1601 2734 1683 2760 ser·

188 2799 253 2824 vos
281 2790 319 2824 in
350 2790 470 2826 armis
500 2796 635 2828 eontra
664 2793 859 2830 dominos?
889 2793 1211 2844 septenariorum
1236 2793 1459 2846 particulas
1490 2793 1638 2832 refert:

864 2899 994 2932 utrum
1022 2895 1125 2932 «iculi
1149 2896 1243 2932 mihi
1268 2896 1487 2933 caeenliunt

390 2955 456 2999 'An
484 2974 552 3010 eqo
575 2973 707 3000 servos
731 2962 810 3001 vidi
839 2966 878 3002 in
910 2967 1031 3003 armis
1057 2966 1194 3003 contra
1223 2967 1396 3008 dominos
1421 2994 1428 3001 .
1462 2993 1470 3001 .
1503 2971 1539 3001 ..⁹
