1898 3236
297 976 549 1027 Compluries
576 976 616 1014 in
645 976 920 1028 superioribus
948 978 1000 1017 ad
1025 990 1154 1029 genus
1175 977 1386 1016 metricum
1407 976 1580 1025 deverti,
1602 975 1676 1015 sed

182 1049 253 1096 ita,
283 1053 326 1086 ut
357 1060 446 1085 cum
476 1046 622 1084 multos
647 1059 790 1085 versus
823 1054 892 1086 aut
921 1048 972 1101 ab
1003 1049 1094 1087 aliis
1125 1054 1195 1087 aut
1225 1062 1250 1086 a
1278 1061 1342 1086 me
1372 1061 1479 1086 nunc
1504 1048 1676 1099 primum

182 1123 457 1169 recuperatos¹
476 1116 786 1167 distinguerem,
828 1117 975 1158 bonam
1011 1125 1170 1172 partem
1201 1119 1464 1172 reliquiarum
1493 1118 1676 1170 pedestri

182 1202 367 1228 sermone
399 1193 606 1226 exaratam
637 1187 921 1241 relinquerem.
961 1189 999 1228 A
1023 1204 1103 1241 quo
1135 1190 1255 1240 longe
1287 1189 1491 1228 diversum
1523 1193 1586 1226 est
1615 1188 1672 1240 iuss

182 1259 329 1298 dicium
358 1258 548 1310 Roeperi‚
581 1257 652 1309 qui
672 1259 983 1310 pertemptando
1005 1262 1138 1299 omnia
1160 1263 1388 1311 fragmenta
1407 1259 1483 1298 sibi
1504 1272 1674 1311 persua<

181 1330 254 1376 sit,
286 1329 483 1367 immerito
514 1327 647 1366 adhuc
673 1327 898 1367 Varronem
930 1330 1041 1369 credi
1071 1331 1218 1383 partim
1246 1321 1365 1375 πεζὸν
1395 1328 1495 1369 ἰέναι
1526 1329 1674 1382 partim

180 1396 243 1438 ἐπὶ
271 1398 348 1436 τῶν
375 1396 527 1451 μέτρων
556 1396 783 1449 βεβηκέναι.
842 1399 1075 1451 Expectare
1107 1400 1289 1447 decebit,
1325 1399 1418 1438 dum
1448 1400 1518 1438 ille
1548 1401 1672 1449 facto,

180 1470 289 1523 quod
326 1469 451 1509 verbo
482 1469 690 1521 professus
726 1474 807 1516 est,
843 1471 1114 1521 praestiterit:
1153 1471 1312 1509 interim
1340 1469 1582 1518 subvereor‚
1621 1482 1673 1508 ne

179 1540 252 1579 illa
281 1554 362 1578 non
393 1539 558 1592 placida
587 1545 629 1577 et
654 1539 839 1578 humanaf
863 1540 1105 1580 consultatio
1134 1540 1395 1593 reliquiarum
1428 1540 1563 1587 fuerit,
1597 1539 1672 1578 sed

179 1616 357 1649 torturae
389 1610 530 1649 similis
557 1610 777 1663 inquisitio,
806 1624 887 1663 qua
915 1611 1068 1665 invitae
1100 1612 1221 1650 etiam
1251 1624 1356 1663 quae
1385 1623 1467 1650 non
1488 1623 1587 1649 vera
1609 1624 1670 1649 es-

181 1686 270 1719 sent
306 1680 614 1732 responderent.
672 1680 759 1729 Ita,
790 1695 842 1736 ne
870 1682 1046 1734 iniquius
1076 1680 1281 1734 iudicasse
1311 1681 1475 1728 videar,
1508 1684 1671 1723 stomu—

182 1766 270 1788 mus
300 1751 349 1789 fr.
380 1756 423 1792 7:
462 1754 624 1790 alteram
656 1753 755 1789 viam
795 1753 1034 1801 deformasse
1066 1752 1301 1789 Carneadem
1333 1754 1484 1790 virtutis
1510 1763 1531 1789 e
1560 1754 1672 1800 cupis

178 1825 283 1861 acris
312 1825 412 1859 aceti
437 1821 554 1860 iussit
581 1822 836 1874 imperiosius
865 1821 939 1860 hos
968 1821 1096 1874 pedes
1118 1834 1388 1875 numerosque
1409 1823 1612 1875 recipere:
1652 1816 1655 1818 μ

379 1907 559 1950 'Alteram
592 1913 829 1950 Carneadem
857 1912 1098 1961 deformasse
1127 1913 1280 1951 virtutis
1309 1916 1408 1951 viam

377 1979 502 2021 'Acris
526 1995 547 2022 e
574 1984 686 2032 cupis
712 1985 822 2021 aceti.

176 2073 265 2112 Nec
302 2073 458 2111 leniore
498 2079 631 2112 mente
664 2072 825 2123 subegit
855 2071 932 2111 sibi
961 2064 1065 2111 haec
1095 2073 1222 2112 verba
1253 2081 1414 2113 saturae
1445 2080 1525 2112 Exw
1550 2087 1590 2111 cr
1618 2075 1668 2113 fr}

175 2152 217 2186 3:
257 2147 331 2182 tela
360 2147 502 2182 (lea-Ira
530 2146 702 2190 vibraret,
734 2148 904 2181 russatia
935 2147 1117 2190 emicant,
1149 2152 1263 2194 atque
1291 2148 1501 2194 insiynibas
1528 2146 1670 2183 Martis

175 2222 329 2265 torques
362 2227 506 2254 aureae
544 2222 653 2253 scuta
699 2216 849 2252 caelata
888 2215 1033 2251 Hibero
1071 2221 1230 2263 arqento
1269 2220 1383 2264 ,qrmri
1418 2219 1556 2254 crebra
1586 2217 1667 2264 ful-

173 2293 273 2335 9ent.
318 2286 400 2325 Ubi
426 2285 619 2333 membra,
652 2299 758 2337 quae
781 2281 825 2322 'ei
856 2285 945 2323 visa
973 2290 1065 2322 sunt
1090 2285 1195 2324 male
1220 2285 1381 2336 luxata,
1418 2289 1475 2327 ita
1504 2292 1669 2339 coaptat

178 2357 396 2395 crudeliter
411 2371 419 2394 ε

851 2429 927 2464 tela
956 2426 1099 2464 de'xtra
1125 2427 1275 2468 russati
1298 2429 1461 2475 vibrant,

379 2485 648 2544 emicantque,
674 2497 823 2544 insiyne
847 2496 999 2542 Martis,
1027 2499 1182 2546 to'rques
1209 2498 1366 2545 aureae',
1396 2501 1523 2544 decus,

378 2568 495 2605 Senta
523 2569 662 2606 erebra
691 2566 850 2615 ary'e'nto
878 2569 1024 2606 Hibero
1050 2569 1204 2618 falyent
1231 2569 1382 2607 caelata
1412 2571 1536 2617 yravi.

176 2657 239 2694 Ex
269 2655 413 2708 quibus
436 2656 571 2696 verbis
591 2658 730 2709 paullo
751 2657 987 2696 clementius
1005 2672 1148 2698 versus
1166 2659 1303 2698 elicuit
1322 2659 1370 2706 is,
1395 2659 1463 2711 qui
1486 2665 1664 2696 ceterum

177 2727 426 2766 consimilem
449 2729 683 2768 violentiam
711 2730 753 2767 in
780 2728 854 2766 has
882 2728 1075 2780 reliquias
1098 2736 1192 2768 ante
1212 2730 1446 2782 Roeperum
1467 2729 1663 2776 exercuit,

174 2797 372 2845 Koehius‚
406 2799 475 2850 qui
507 2798 680 2850 exempli
711 2799 844 2849 gratia
872 2799 950 2838 hoc
970 2813 1191 2852 paucorum
1211 2799 1426 2840 verborum
1448 2798 1664 2836 frustulum

173 2873 395 2907 Pmnmoms
426 2869 476 2908 fr.
507 2875 549 2909 2:
586 2870 722 2918 ferens
756 2871 930 2918 ferream
961 2872 1120 2910 humero
1158 2874 1353 2921 bipennem
1383 2881 1555 2907 securem
1585 2869 1663 2907 hac

172 2941 310 2992 specie
339 2941 507 2978 metrica
535 2939 811 2979 commendat:

244 3008 418 3048 vinnan,
445 3007 554 3040 Com.
573 3017 611 3039 m
630 3008 748 3040 vium.
769 3018 848 3039 syr.
1367 3007 1391 3045 5
