1898 3236
732 269 1075 301 οοΝιΕοΤΑΝΕΑ.
1245 274 1247 277 ·
1564 257 1642 299 183

153 380 279 428 ficari,
320 376 392 419 sed
429 390 510 419 non
536 389 646 427 eam,
681 389 788 430 quae
819 375 977 415 omnino
1008 374 1110 414 nihil
1141 374 1245 423 veri,
1284 372 1387 412 nihil
1420 373 1521 412 certi
1553 386 1643 412 esse

155 450 402 499 affirmabat,
441 447 515 489 sed
549 462 650 498 eam,
682 461 802 502 quam
839 446 1066 487 Antiochus
1099 444 1360 494 Ascalonita,
1403 440 1645 497 praeceptor

155 521 371 571 Varronis,
413 520 769 572 repraesentabat,
807 518 877 572 qui
912 517 1045 557 missis
1084 528 1279 554 novorum
1318 514 1644 556 academicorum

154 593 274 645 nugis
309 605 359 631 ac
394 591 494 631 rixis
529 591 582 630 ad
612 595 792 630 veterem
820 587 1073 629 academiam
1100 586 1224 626 rediit
1249 586 1327 634 ita,
1357 592 1402 625 ut
1431 600 1521 625 cum
1549 599 1642 626 aca-

155 664 320 704 demicis
357 669 398 702 et
435 662 651 702 stoicorum
682 669 723 702 et
751 660 1111 714 peripateticorum
1138 658 1292 710 placita
1320 658 1532 696 misceret.>
1579 657 1644 697 Of.

153 736 329 776 Prelleri
356 735 451 774 hist.
475 734 576 786 phil.
604 748 642 786 p.
671 740 741 775 494
767 747 827 785 sq.
863 731 928 771 ed.
954 732 998 770 II
1028 729 1285 782 eundemque
1306 729 1348 768 in
1370 727 1646 769 Oehlerianae

155 807 344 848 editionis
373 818 556 854 censura,
586 817 706 858 quam
730 817 772 855 p.
793 810 814 845 6
838 803 968 843 attuli.
1005 802 1097 854 Quo
1117 815 1215 840 vero
1241 800 1410 840 consilio
1433 800 1644 840 credemus

155 891 298 917 canam
328 876 554 916 Veritatem
585 889 610 914 a
638 875 822 914 Varrone
851 874 1021 914 induci?
1066 886 1212 925 nempe
1244 871 1356 920 ideo,
1387 877 1431 911 ut
1459 871 1644 920 edoceat,

153 948 305 988 nullam
341 960 431 986 esse
470 961 577 996 eam,
621 960 702 1000 qua
731 946 802 985 ille
840 960 884 985 se
925 946 1056 985 teneri
1092 943 1283 997 putabat,
1313 943 1534 996 insaniam,
1567 956 1644 982 nec

154 1023 245 1058 eum
280 1017 523 1057 insaniorem
569 1030 658 1056 esse
695 1018 866 1072 reliquis
896 1017 1102 1058 omnibus:
1144 1015 1330 1054 nimirum
1358 1015 1437 1054 huc
1466 1015 1645 1067 pertinet

152 1095 292 1129 notum
323 1089 539 1128 stoicorum
569 1087 777 1128 decretum
806 1082 1033 1138 ὅτιιπάντες
1052 1083 1175 1140 μωροὶ
1197 1085 1418 1137 μαίνονται,
1449 1099 1529 1139 quo
1555 1085 1642 1138 qui-

155 1161 247 1200 dam
284 1161 409 1200 totius
451 1166 613 1200 saturae
658 1165 937 1211 argumentum
975 1159 1174 1199 contineri
1211 1158 1423 1210 putabant.
1481 1157 1573 1196 Nec
1610 1157 1644 1196 si

152 1227 420 1284 probabiliter
457 1230 531 1270 sub
563 1225 760 1271 Veritatis
791 1243 971 1292 persona
1001 1230 1311 1270 delitescentem
1339 1229 1532 1269 Antiochi
1562 1227 1642 1267 dis-

156 1303 346 1356 ciplinam
381 1303 639 1355 agnovimus,
681 1301 860 1340 alienum
896 1307 976 1353 est,
1021 1302 1127 1341 hanc
1165 1301 1448 1353 disputationis
1485 1305 1643 1353 partem

154 1376 276 1414 tribui
306 1376 356 1425 ei,
381 1375 450 1428 qui
481 1374 568 1425 ipse
599 1386 623 1411 a
651 1373 869 1412 stoicorum
898 1358 1048 1412 scholis
1075 1386 1314 1424 progressus
1346 1378 1418 1411 est.
1470 1369 1533 1409 Of.
1560 1371 1642 1410 Ro-

153 1447 227 1486 thii
261 1446 311 1486 de
339 1446 427 1485 vita
457 1445 652 1485 Varronis
679 1458 720 1497 p.
749 1451 807 1486 lo.
865 1444 1011 1497 Itaque
1043 1442 1380 1496 quemadmodum
1409 1447 1505 1481 ante
1535 1441 1643 1481 insa-

151 1533 227 1558 nus
263 1531 460 1570 nugarum
493 1516 825 1570 philosopharum
855 1529 1069 1555 recensum
1097 1514 1298 1564 exhibuit,
1338 1514 1397 1553 sic
1422 1526 1530 1552 nunc
1560 1512 1642 1551 Ve-

152 1591 250 1629 ritas
278 1589 466 1641 vulgaria
491 1588 694 1627 hominum
726 1588 826 1626 vitia
855 1593 1061 1640 tamquam
1089 1584 1258 1625 totidem
1283 1585 1469 1624 insaniae
1490 1597 1643 1636 genera

153 1661 424 1714 persequitur.

266 1761 462 1813 XX,(19)
569 1763 626 1800 Tu
653 1762 728 1799 no'n
757 1762 930 1799 insanis?
975 1760 1049 1807 qud
1087 1760 1154 1797 tibi
1179 1760 1264 1797 vino
1293 1759 1438 1806 cdrpus
1467 1770 1641 1796 corrum-

1362 1829 1428 1877 pis
1452 1841 1556 1868 mero
1570 1837 1586 1866 ζ)

268 1923 376 1962 XXI
406 1921 484 1975 (21)
566 1925 670 1961 Aiax
698 1928 776 1960 tum
805 1924 929 1961 credit
950 1922 1063 1970 ferro
1087 1932 1127 1958 se
1156 1923 1319 1958 caedere
1353 1921 1519 1965 Ulixem,

566 1995 658 2032 Cum
684 1996 818 2050 baculo
844 1996 977 2031 silvam
1005 1994 1130 2030 caedit
1154 2003 1370 2039 porcosque
1395 1993 1575 2029 trucidat.

267 2096 397 2135 XXII
431 2094 510 2148 (34)
564 2127 570 2133 .
606 2126 613 2133 .
643 2097 770 2143 capite
794 2094 930 2142 ape'rto
958 2096 1058 2132 iubet
1085 2104 1179 2139 esse,
1213 2093 1301 2131 a'nce
1326 2095 1446 2131 lucem
1467 2094 1640 2139 suscitat,

556 2165 720 2214 Frz'yore
751 2163 873 2215 [acri]
907 2166 1039 2211 to'rret,
1071 2171 1247 2203 venatum
1278 2163 1387 2202 e'iecic
1413 2165 1551 2202 ieiunio

565 2236 750 2275 Villicum.

269 2327 421 2367 XXIII
449 2325 528 2377 (33)
562 2356 569 2363 .
808 2308 812 2310 i
1045 2328 1207 2374 denique
1229 2328 1305 2374 ‘qui
1331 2327 1382 2363 sit
1409 2337 1554 2364 avarus

558 2398 711 2435 Sanus?
741 2399 805 2435 cui
831 2399 865 2435 si
890 2402 963 2435 stet
991 2400 1116 2435 terrai
1143 2399 1310 2435 traditus
1341 2399 1463 2443 orbis,

558 2470 746 2507 Fur-ando
777 2473 915 2515 tamen,
946 2482 970 2506 a
999 2472 1127 2508 morbo
1155 2472 1371 2508 stimulatus
1400 2472 1540 2515 eodem,

523 2579 526 2582 ,
558 2541 624 2576 Ex
653 2550 735 2577 sese
758 2542 840 2588 ipse
866 2542 1012 2589 aliquid
1040 2546 1204 2589 quaerat
1233 2547 1418 2590 coyatque
1446 2543 1583 2589 peculi.

154 2639 309 2692 Quodsi
347 2645 509 2692 praeter
542 2639 591 2679 fr.
629 2640 782 2679 XXIII
816 2642 918 2681 nihil
947 2656 998 2681 ex
1025 2642 1102 2681 hac
1127 2648 1246 2694 parte
1280 2638 1486 2694 superstes
1518 2646 1638 2689 esset,

152 2713 229 2752 hoc
260 2725 383 2751 unum
413 2711 556 2763 opinor
581 2710 786 2750 sufficeret
812 2711 866 2750 ad
893 2712 1203 2764 concipiendum
1228 2713 1360 2751 animo
1383 2712 1496 2750 illum
1519 2725 1639 2765 quem

151 2788 285 2822 statuo
323 2782 586 2821 insanitatum
618 2795 850 2821 recensum:
889 2782 938 2821 de
980 2797 1058 2836 quo
1087 2783 1185 2822 mihi
1214 2796 1264 2823 eo
1292 2784 1439 2822 certius
1470 2789 1638 2832 constat,

152 2854 261 2908 quod
299 2867 322 2894 e
358 2854 591 2907 posterioris
629 2858 778 2906 poetae
818 2854 1013 2905 opusculo
1048 2854 1147 2894 licet
1182 2854 1447 2894 dilaceratam
1488 2855 1636 2895 Varro-

151 2926 301 2965 nianae
345 2930 507 2965 saturae
560 2925 740 2979 speciem
781 2930 916 2964 mente
969 2925 1264 2977 redintegrare.
1345 2926 1639 2978 Damasippum
