1898 3236
754 248 1098 281 commo-rausa.
1590 242 1667 283 201

172 354 258 406 -(cf.
294 357 390 394 novi
418 355 546 394 musei
573 331 705 395 Rlien.
737 355 797 394 VI
827 369 866 408 p.
898 355 1012 406 539),
1044 361 1249 407 postrema
1278 356 1453 395 maxime
1481 356 1670 405 arrideat,

185 426 339 464 ‘veram
369 439 442 478 per
462 427 599 466 varias
631 432 762 466 terras
791 425 1160 478 perEgrinationem
1177 425 1380 478 periplum
1401 426 1550 465 dictam
1578 428 1670 465 sim-

183 472 345 549 pliciter
375 499 523 550 opponi
551 503 593 537 et
623 497 849 550 comparari
884 502 1090 548 tamquam
1118 497 1254 535 itineri
1292 496 1451 535 cuidam
1480 511 1554 550 per
1582 499 1670 550 phi-

184 568 422 620 losophiam·
449 570 617 622 eiusque
654 570 798 608 varias
830 568 1019 619 regiones
1058 568 1198 606 facto?
1257 569 1448 622 Denique
1484 576 1528 608 ut
1558 570 1669 609 colli-

183 652 276 689 gam
313 639 511 692 quid'quid
545 639 739 678 adiuvare
777 639 912 692 aliquo
941 638 1060 677 modo
1091 638 1215 677 Nonii
1246 638 1498 690 diligentiam
1526 641 1669 692 possit,

184 723 235 766 an
273 709 395 749 etiam
431 724 537 750 nunc
565 710 811 762 singularem
829 710 963 749 *Nonii
991 709 1293 761 neglegentiam
1323 712 1364 750 in
1395 725 1443 751 eo
1474 725 1668 764 agnosce-

182 794 284 829 mus,
317 781 427 834 quod
455 795 536 821 non
564 781 697 821 dicam
718 795 800 821 una
828 782 1051 834 eademque
1078 782 1235 833 pagina>
1249 782 1323 822 sed
1347 784 1389 821 in
1408 796 1489 821 uno
1511 783 1670 822 eodem-

183 866 262 905 que
291 853 481 892 lemmate
510 867 631 892 unam
659 859 701 893 et
729 853 898 892 alteram
922 859 1100 892 saturam
1129 865 1219 891 cum
1235 854 1322 892 *suis
1348 853 1505 893 duobus
1529 855 1670 904 titulis,

183 920 285 963 alias
315 938 396 963 una
426 925 688 976 inscriptione
718 922 880 971 laudat,
919 923 988 962 ubi
1016 929 1154 962 tamen
1177 924 1220 963 in
1248 925 1420 977 proclivi
1453 931 1560 973 erat,
1601 939 1670 965 ne-

181 995 452 1046 glegentiam,
491 995 525 1033 si
556 1008 636 1047 qua
666 1001 753 1034 erat
782 984 1066 1048 neglegentia,
1098 995 1154 1035 ‘ob
1189 995 1490 1035 similitudinem
1519 997 1671 1036 vicina-

180 1079 268 1104 rum
304 1065 610 1117 inscriptionum
646 1068 880 1119 corrigere‘?
938 1066 1142 1106 Delibabo
1181 1081 1231 1106 ex
1255 1067 1333 1106 hoc
1362 1081 1513 1119 genere
1539 1082 1670 1120 pauca

182 1135 233 1175 de
257 1135 462 1188 plurimis:
495 1151 534 1189 p.
559 1143 618 1185 83,
647 1143 694 1178 24
732 1139 858 1177 Varro
876 1141 962 1177 ,Est
983 1141 1117 1177 modus
1145 1141 1312 1177 matulae
1341 1136 1429 1191 περὶ
1459 1137 1588 1190 μέθης
1615 1164 1670 1169 —

179 1210 279 1244 idem
309 1208 572 1256 sesquiulioee,·
609 1223 649 1260 p.
681 1215 748 1255 82,
777 1216 824 1251 33
863 1211 988 1247 Varro
1018 1210 1199 1247 Columna
1226 1211 1408 1250 Herculis
1437 1209 1527 1262 περὶ
1553 1207 1671 1262 δόξης

179 1298 235 1306 --·
266 1281 365 1316 idem
395 1279 638 1327 Marcipore,·
676 1294 716 1332 p.
747 1285 814 1327 71,
848 1286 892 1321 13
937 1282 1062 1318 Varro
1093 1281 1265 1319 Serrano
1293 1278 1382 1332 περὶ
1409 1276 1671 1333 ἆρχαιρεὰιῶν

180 1374 234 1378 —
262 1354 359 1389 idem
382 1352 719 1400 Quinquatrubus‚·
751 1365 791 1404 p.
815 1357 874 1397 28,
898 1358 922 1393 3
955 1340 1082 1389 Varro
1110 1353 1338 1390 Prometheo
1356 1355 1418 1391 tib.
1442 1355 1468 1391 Ι
1489 1376 1544 1394 ,—-
1571 1357 1669 1392 idem

178 1423 428 1467 Fluxeabult's
464 1419 554 1473 περὶ
588 1418 788 1474 ἐπαρχιῶν
815 1443 872 1450 —-
906 1425 1004 1467 idom
1034 1424 1276 1461 Parmenone
1307 1445 1362 1451 —
1391 1426 1489 1462 idem
1517 1426 1669 1475 Sesqui-

178 1496 308 1539 ulisce,
338 1499 377 1532 et
410 1493 469 1532 sic
501 1495 745 1534 sexcenties.
791 1494 945 1532 Verum
970 1493 1074 1531 haec
1095 1507 1177 1532 non
1199 1494 1257 1532 ita
1278 1493 1454 1546 disputo,
1484 1500 1528 1534 ut
1550 1509 1670 1548 quem

177 1563 301 1614 vulgo
338 1563 739 1615 neglegentissimum
777 1565 1083 1616 grammaticum
1110 1563 1282 1611 habent,
1321 1567 1406 1616 ego'
1429 1569 1573 1618 quovis
1605 1582 1667 1607 so—

181 1635 345 1674 cordiae
371 1635 572 1687 vituperio
597 1649 772 1688 purgare
799 1635 1005 1675 studeam:
1033 1648 1153 1687 quem
1175 1635 1339 1687 quidem
1357 1637 1446 1688 ipse
1468 1652 1542 1690 per
1563 1640 1669 1680 hanc

181 1707 562 1746 commentationem
602 1708 764 1759 saepius
802 1707 981 1745 incuriae
1016 1719 1064 1745 ac
1104 1707 1279 1758 stuporis
1317 1711 1523 1749 accusavi.
1585 1711 1668 1751 Sed

179 1783 272 1816 sunt
301 1790 454 1828 genera
484 1777 754 1817 discernenda
782 1782 822 1816 et
844 1777 1077 1828 singulatim
1101 1777 1398 1830 persequenda,
1429 1786 1473 1820 ut
1493 1782 1545 1821 de
1569 1797 1667 1836 quo-

177 1850 241 1887 vis
272 1850 420 1888 certius
447 1849 669 1888 iudicetur:
701 1849 814 1888 velut
842 1849 884 1887 in
906 1848 1133 1900 allegandis
1155 1854 1381 1888 saturarum
1405 1852 1534 1892 titulis
1560 1869 1667 1894 nunc

142 1931 147 1934 ⁴
176 1932 258 1958 11011
297 1920 590 1971 indiligentem,
613 1921 791 1959 Nonium
829 1926 868 1959 et
895 1921 1035 1974 paullo
1065 1921 1187 1959 etiam
1218 1918 1516 1971 diligentiorem
1546 1939 1667 1977 quam

179 1992 382 2041 Gellium,
413 1991 654 2039 Charisium,
681 1992 934 2031 Priscianum
962 1992 1210 2038 invenimus,
1248 1992 1317 2043 qui
1344 2005 1449 2044 quae
1481 2007 1504 2032 a
1532 1995 1666 2034 Nonio

175 2063 323 2115 plenae
347 2062 639 2117 perhibeantur
667 2062 952 2114 inscriptiones
979 2061 1210 2100 dimidiatas
1241 2063 1311 2101 vel
1338 2076 1486 2114 graece
1517 2064 1568 2103 ab
1595 2066 1666 2105 illo

177 2134 323 2173 allatas
359 2134 487 2173 latine
523 2146 742 2172 conversas
771 2132 1044 2185 ascripserint.
1104 2133 1193 2172 Nec
1225 2133 1276 2172 de
1306 2135 1455 2173 saturis
1486 2137 1665 2187 peculia—

176 2205 274 2242 riter
312 2204 563 2243 Ritschelius
602 2202 818 2252 cogitavit,
868 2217 957 2242 cum
992 2203 1170 2242 testandi
1214 2205 1352 2244 titulos
1390 2206 1666 2248 Varronianos

179 2275 260 2314 fide
288 2275 465 2313 Nonium
493 2274 616 2324 longe
642 2274 825 2326 superari
851 2288 875 2312 a
902 2276 1112 2314 Prisciano
1142 2277 1294 2314 monuit
1322 2277 1364 2315 in
1387 2292 1493 2317 novo
1525 2293 1665 2319 museo

176 2347 308 2385 Rhen.
339 2345 398 2383 VI
429 2359 469 2397 p.
501 2351 591 2392 535,
628 2357 872 2397 quamquam
903 2359 954 2385 ne
993 2360 1068 2398 ego
1102 2346 1268 2398 quidem
1296 2347 1462 2387 nimium
1493 2349 1665 2390 tribuam

176 2418 213 2455 ei
253 2415 483 2455 testimonio
516 2415 736 2462 Prisciani,
787 2416 894 2468 quod
934 2431 1057 2470 supra
1086 2420 1314 2470 tetigimus,
1346 2422 1393 2458 de
1419 2424 1663 2460 nomismatis.

177 2488 369 2526 Attamen
395 2499 475 2524 non
504 2486 583 2524 iam
614 2485 779 2535 feretur,
807 2489 962 2540 opinor,
993 2489 1028 2528 si
1057 2490 1147 2542 quis
1181 2491 1233 2530 ad
1259 2492 1476 2531 Mercklini
1503 2506 1666 2531 sensum

175 2558 290 2596 velut
320 2558 360 2596 in
391 2555 682 2596 Eumenidibns
711 2557 872 2597 circiter
901 2559 1186 2613 quadraginta,
1217 2562 1259 2600 in
1287 2562 1473 2602 Bimarco
1504 2571 1544 2603 et
1570 2565 1663 2603 Ses-

177 2626 356 2680 quiulixe
392 2627 501 2666 circa
520 2628 693 2686 *viginti*
711 2629 890 2682 quinque
925 2629 1028 2669 locis
1061 2631 1233 2670 alteram
1264 2633 1569 2685 inscriptionem
1595 2634 1662 2672 vel

175 2698 297 2736 Nonii
338 2697 457 2750 culpa
493 2698 560 2737 vel
599 2698 738 2747 lacera
767 2699 1061 2751 exemplarium
1089 2701 1328 2741 condicione
1356 2704 1559 2742 interiisse
1590 2717 1661 2755 pu-

174 2770 334 2808 taverit.
395 2769 522 2807 Immo
560 2782 612 2808 ne
646 2769 722 2807 hoc
761 2769 926 2822 quidem
966 2773 1126 2812 nomine
1157 2773 1373 2825 quicquam
1403 2773 1498 2811 fidei
1524 2773 1661 2821 habet,

173 2839 248 2885 vel,
270 2840 459 2877 Bimarco
494 2837 585 2891 περὶ
622 2834 802 2892 zoom-w,
841 2841 911 2879 vel
943 2842 1062 2896 Ταφῇ
1091 2843 1313 2881 Μενίππου
1345 2841 1434 2894 περὶ
1462 2842 1659 2895 σπουδαρ-

173 2910 271 2959 χιῶν
306 2909 474 2960 singulis
513 2910 711 2962 exemplis
741 2910 881 2950 addita
909 2911 1056 2951 fuisse:
1091 2927 1197 2966 quae
1227 2927 1293 2953 res
1318 2927 1421 2967 quas
1447 2921 1663 2966 praeterea
