1898 3236
310 241 388 281 176
880 244 1219 280 concTANE'A.

306 353 558 392 Lachmanni
591 350 886 401 emendatione,
916 366 1034 406 quam
1061 353 1159 392 fecit
1187 354 1229 392 in
1258 367 1307 393 ea
1337 353 1611 405 disputatione
1634 366 1715 406 qua
1738 353 1790 393 de

310 423 450 464 Ovidii
487 422 748 475 epistularum
789 427 926 461 aetate
965 428 1005 462 et
1034 426 1273 463 auctoritate
1305 423 1389 474 egit
1431 414 1534 476 (ind.
1564 423 1658 463 lect.
1691 429 1792 463 aest.

288 489 448 534 'BeroL
483 508 519 532 a.
553 499 643 534 1848
672 507 710 545 p.
741 492 797 545 3).
857 485 982 532 Nonii
1012 494 1264 546 exemplaria
1293 507 1331 546 p.
1365 500 1441 543 119,
1473 499 1495 532 2
1523 500 1631 532 vento
1666 493 1792 547 (quod

305 566 465 618 pridem
514 571 738 603 correctum
779 577 803 603 a
846 563 1044 604 Salmasio
1099 564 1298 604 Oehlerus
1339 564 1478 604 addito
1531 565 1666 604 ‘recte
1711 565 1791 603 for-

309 636 434 674 tasse'
469 635 637 685 dimisit)
675 638 779 674 video
808 657 865 662 —
895 638 961 684 qui
997 638 1085 674 dam
1115 647 1249 674 essena
1279 639 1376 675 hora
1405 649 1493 673 nam
1526 638 1696 674 adlatam
1724 638 1792 673 im-

303 712 465 755 poneret
505 708 638 744 aedilis
672 708 860 754 siquosiae
899 711 935 743 et
969 708 1077 744 deam
1106 719 1142 756 9.
1174 719 1206 745 v.
1238 708 1451 744 retinebant
1478 708 1613 744 studio.
1675 705 1792 758 Quae

307 778 485 829 graviter
539 782 727 829 corrupta
768 775 894 814 multa
941 777 1169 815 criticorum
1212 777 1422 833 conamina
1458 776 1572 815 irrita
1609 781 1654 815 ut
1685 780 1793 815 nunc
1827 782 1830 783 ’

307 852 479 900 apparet
518 847 649 885 omnia
685 846 939 899 procreavit:
989 860 1094 899 quae
1134 847 1212 886 iam
1252 861 1331 886 non
1376 853 1437 887 est
1477 846 1586 900 quod
1627 859 1792 885 accura-

307 920 387 957 tius
417 930 668 958 recenseam.
719 915 785 966 Ad
817 916 998 956 eiusdem
1027 917 1280 956 Lachmanni
1310 923 1485 956 mentem
1513 917 1657 970 scripsi
1686 930 1793 956 nunc

306 1003 447 1029 versus
481 989 547 1041 qui
582 993 674 1026 sunt
715 988 755 1026 in
799 987 846 1026 fr.
886 977 989 1026 IV:'
1013 986 1062 1026 de
1101 987 1267 1040 quibus‘
1287 986 1490 1039 disputavi
1529 1002 1569 1040 p.
1614 994 1656 1030 19
1693 1001 1792 1040 sqq„

306 1067 390 1099 tum
431 1061 595 1111 ignarus
631 1057 990 1097 Lachmannianae
1030 1058 1313 1108 restitutionis,
1351 1072 1470 1111 quam
1501 1059 1660 1098 interim
1688 1057 1815 1097 indi-⁴

309 1133 417 1170 cavit
446 1131 542 1169 mihi
573 1129 881 1169 Fleckeisenus.
920 1127 1055 1166 Pudet
1082 1127 1249 1167 me¹illa
1277 1135 1360 1168 tum
1386 1129 1624 1177 nescivisse,
1652 1142 1791 1181 quam-

307 1216 428 1255 quam
470 1199 754 1252 disputationis
804 1198 928 1248 ipsius
971 1211 1024 1237 ne
1069 1211 1176 1236 nunc
1218 1198 1382 1250 quidem
1425 1200 1619 1251 paenitet.
1686 1198 1792 1237 Nam

307 1272 414 1326 quod
457 1272 632 1310 maxime
672 1270 863 1308 evincere
902 1267 1133 1317 studebam,
1170 1269 1363 1308 Varronis
1393 1269 1653 1321 galliambos‚
1692 1281 1792 1320 quos

307 1337 408 1382 satis'
444 1341 613 1380 licenter
644 1327 827 1378 nonnulli
865 1338 1106 1387 habuerant,
1142 1351 1224 1377 non
1262 1337 1457 1377 recedere
1497 1352 1522 1377 a
1561 1337 1792 1377 Catulliana

308 1413 547 1459 severitate,
591 1411 668 1449 hoc
707 1420 814 1448 nunc
850 1409 1102 1447 Lachmanni
1140 1408 1290 1447 iudicio
1336 1409 1612 1448 confirmatum
1648 1407 1790 1447 video:

306 1490 351 1523 ut
391 1496 526 1522 eorum
569 1495 674 1534 quae
720 1479 966 1532 reprobarim
1011 1492 1063 1518 ne
1100 1492 1209 1517 nunc
1256 1478 1418 1530 quidem
1451 1479 1666 1531 quicquam
1701 1491 1790 1529 pro·
1839 1463 1852 1470 ’

307 1554 403 1591 bare
430 1552 622 1591 debeam:
662 1550 733 1590 sed
757 1551 845 1602 ipse
874 1563 962 1588 cum
985 1549 1185 1599 refingere
1220 1548 1272 1587 ad
1302 1548 1454 1588 Catulli
1485 1549 1669 1600 regulam
1698 1538 1799 1605 illos'

282 1633 448 1668 ,versus
479 1623 674 1663 Varronis
712 1621 981 1672 susciperem,
1028 1620 1161 1657 erravi
1192 1632 1240 1658 eo
1272 1619 1466 1668 maxime,
1506 1620 1614 1673 quod
1641 1620 1790 1676 repeti-
1842 1647 1850 1650 -

306 1701 390 1733 tum
418 1696 483 1731 tibi
509 1701 726 1744 pronomen
757 1704 846 1729 cum
877 1689 1151 1740 superioribus
1178 1690 1361 1729 omnibus
1388 1690 1440 1729 ad
1469 1691 1597 1742 ipsam
1624 1695 1792 1729 matrem

308 1765 427 1804 deum
456 1763 671 1802 referrem:
705 1759 800 1798 inde
822 1773 911 1798 cum
940 1761 1057 1796 macri
1085 1762 1196 1798 deum
1221 1759 1306 1812 (vel
1323 1767 1447 1799 mater
1468 1763 1595 1811 deum)
1621 1774 1645 1800 a
1667 1774 1790 1800 versu

307 1835 563 1883 abhorreret,
603 1831 735 1869 matri'
763 1836 896 1868 autem
925 1832 1035 1867 deam
1068 1830 1340 1870 concinnitate
1372 1831 1598 1870 sententiae
1626 1845 1790 1884 respue-

306 1909 437 1951 retur,
469 1903 557 1954 ipsa
580 1903 737 1941 ratione
768 1915 815 1940 eo
847 1900 1019 1949 ferebar,
1048 1906 1092 1938 ut
1123 1900 1172 1939 de
1204 1901 1519 1953 interpolatione
1547 1902 1789 1953 cogitarem:

306 1987 413 2012 nunc
455 1987 544 2012 cum
576 1987 656 2013 non
685 1978 855 2012 matrem
884 1971 1021 2018 deum,
1055 1970 1127 2009 sed
1158 1970 1274 2010 Attin
1304 1972 1505 2024 appellari
1534 1973 1790 2025 exploratum

307 2046 379 2093 sit,
419 2058 493 2083 sua
531 2051 673 2097 sponte
703 2044 833 2101 fluunt
862 2042 993 2081 omnia
1019 2047 1063 2081 ut
1091 2055 1213 2094 supra
1241 2043 1396 2095 scripsi.
1457 2041 1640 2095 Cumque
1671 2043 1711 2081 in
1742 2056 1790 2082 eo

307 2116 538 2168 galliambo,
569 2129 689 2169 quem
717 2113 948 2154 Meinekius
979 2118 1223 2164 agnoverat:

511 2220 669 2267 Spatale
698 2218 857 2256 eviravit
886 2226 1014 2254 omnes
1043 2218 1269 2264 venerivaya
1291 2226 1435 2263 pueros

309 2322 540 2361 dubitanter
573 2319 781 2371 cogitarim
811 2316 862 2356 de
891 2316 1204 2368 transpositione
1235 2328 1382 2365 pueros
1412 2318 1659 2365 veneriva9a‚
1701 2329 1789 2355 eam

306 2406 412 2431 nunc
436 2397 620 2430 secutum
643 2403 733 2429 esse
753 2388 1058 2427 Lachmannum
1080 2378 1384 2439 cognoscOJqui
1399 2399 1572 2434 versum,
1598 2399 1677 2438 quo
1694 2386 1790 2424 item

306 2463 423 2501 Attin
448 2461 669 2513 significari
697 2460 936 2512 suspicatur,
964 2459 1023 2496 sic
1052 2457 1250 2495 restituit:

509 2564 670 2613 Spatala
699 2563 858 2600 eviravit
882 2570 1009 2598 omnes
1035 2569 1179 2607 pueros
1217 2558 1461 2608 Venerifuqa.

308 2678 373 2716 Fr.
402 2677 460 2725 V,
502 2675 610 2729 quod
647 2673 809 2728 quidem
845 2671 898 2711 ad
934 2670 1107 2711 eundem
1139 2666 1305 2710 'cantum
1340 2671 1535 2722 gallorum
1575 2671 1696 2710 velim
1725 2684 1788 2710 re-

306 2748 416 2797 ferri,
444 2761 525 2786 non
554 2750 688 2799 potest
708 2751 842 2783 tamen
868 2756 976 2781 nunc
996 2743 1215 2791 artissime,
1249 2742 1357 2794 quod
1376 2742 1586 2795 putabam,
1613 2755 1702 2780 cum
1723 2755 1787 2780 su-

304 2818 529 2870 perioribus
556 2817 725 2857 conecti.
765 2816 832 2856 De
852 2815 901 2853 fr.
924 2814 984 2854 Vt
1009 2813 1213 2854 sententia
1242 2817 1282 2851 et
1310 2826 1385 2852 usu
1417 2811 1583 2852 discedo
1609 2825 1633 2851 a
1654 2811 1786 2851 Lach-

305 2901 472 2936 manno,
511 2889 580 2940 qui
617 2889 747 2941 ipsum
784 2885 901 2924 Attin
935 2899 986 2925 ex
1025 2898 1094 2924 ara
1132 2885 1340 2924 excantari
1379 2883 1615 2923 arbitratur:
1667 2896 1786 2935 quam
