1898 3236
246 263 300 305 80
812 270 1155 302 CONIECTANEA.

244 377 598 429 Transposui'vidi
621 387 752 416 servos
773 375 879 428 quod
907 383 969 414 est
997 377 1037 414 in
1068 375 1181 415 libris
1205 375 1327 416 Nonii
1357 389 1399 427 p.
1426 380 1485 422 86,
1515 382 1570 416 ll.
1629 376 1728 414 Eos-

246 448 336 486 dem
368 459 555 485 numeros
586 445 755 497 praebet
790 447 840 487 fr.
870 454 912 487 4:
962 449 1082 486 Noctu
1111 449 1234 485 cultro
1262 432 1464 495 coquinuri
1489 458 1529 483 se
1558 449 1732 484 traiecit:

245 514 409 557 nondum
441 521 539 555 enim
569 519 625 554 illi
651 520 794 554 inventi
819 523 931 554 erant
961 518 1103 555 cultelli
1131 518 1328 565 imperiali
1358 527 1378 552 e
1408 518 1602 566 Bithynia.
1664 517 1732 556 Sic

246 590 350 627 enim
391 587 538 635 verba,
576 599 680 638 quae
718 587 817 625 satis
856 586 1079 639 depravate
1119 587 1307 638 leguntur
1342 586 1450 639 apud
1481 587 1657 627 Nonium
1689 602 1728 640 p.

248 667 326 707 195,
360 665 413 721 26,
444 663 663 710 praeeunte
688 658 833 710 partim
859 658 998 709 Lipsio
1029 656 1292 709 probabiliter
1314 655 1514 696 Oehlerus
1542 659 1728 698 restituit.

245 730 365 769 Unde
394 730 473 767 iam
503 728 606 767 haee
637 742 773 767 eorum
804 741 993 767 mensura
1023 728 1176 779 prodit:

448 861 456 869 .
489 837 602 868 noctu
632 832 756 868 cultro'
785 833 988 879 coquinam·
1017 833 1059 868 se'
1086 832 1259 868 traiecit:
1288 831 1453 868 no'ndum
1483 834 1581 870 enim

444 895 515 940 ‘Illi
541 904 684 940 inventi
707 903 820 940 era'nt
852 903 994 940 cultelli
1016 902 1213 948 importari
1240 912 1260 938 e
1284 894 1480 951 Bithynia.

245 1005 292 1043 In
322 1004 455 1056 priore
485 1003 657 1041 sortasse
685 1016 764 1040 non
796 1003 908 1041 initio
938 1002 1010 1040 sed
1041 1003 1080 1040 in
1109 1002 1241 1040 medio
1262 1015 1382 1041 versu
1402 1003 1518 1041 unius
1542 1002 1730 1055 syllabae

245 1075 430 1113 defectus
463 1080 544 1122 est,
578 1073 710 1112 velut:

448 1165 569 1203 No'elu
599 1166 722 1202 cultro
751 1165 954 1213 edquinari
984 1161 1088 1213 [iste]
1120 1162 1162 1199 se'
1186 1165 1345 1200 traiecit.

207 1255 212 1260 ”
245 1254 445 1294 Cultellos
485 1268 506 1291 e
545 1254 738 1306 Bithynia
775 1254 1032 1304 importatos,
1078 1265 1178 1305 quos
1217 1266 1261 1290 se
1302 1251 1490 1303 ignorare
1528 1252 1728 1292 oehlerus

244 1326 412 1373 fatetur,
442 1325 715 1363 Mommsenus
745 1337 809 1362 me
839 1323 1030 1362 admonet
1069 1335 1160 1360 esse
1199 1323 1369 1369 cultros,
1412 1321 1555 1374 quibus
1578 1337 1630 1370 *se
1661 1336 1728 1362 eu-

244 1397 421 1435 nuchare
462 1394 574 1435 Galli
609 1394 785 1433 soleant:
835 1407 932 1446 quos
963 1394 1112 1440 Varro,
1143 1394 1377 1444 provinciae
1407 1394 1615 1449 Romanae
1647 1406 1729 1432 me-

244 1481 342 1515 mor,
374 1481 395 1505 e
426 1466 618 1519 Bithynia
648 1466 779 1517 potius
810 1476 929 1515 quan]
958 1476 979 1499 e
1010 1463 1191 1515 Phrygia
1218 1463 1363 1502 allatos
1394 1463 1517 1502 dieat.

357 1538 483 1575 Porro
520 1536 569 1574 fr.
598 1542 621 1574 8
660 1537 788 1583 Rapta
822 1548 845 1571 α
875 1536 940 1580 (an
972 1533 1080 1585 libri)
1113 1537 1238 1572 nescio
1265 1547 1339 1582 quo
1368 1537 1532 1572 muliane
1560 1536 1731 1582 raptoris

245 1609 437 1655 (rupturis
476 1605 567 1644 libri
605 1605 710 1643 Non.
745 1619 783 1656 p.
820 1611 905 1653 166,
951 1605 1007 1657 15)
1048 1607 1204 1643 ramicis
1241 1608 1387 1653 rumpit
1426 1604 1629 1642 scazonfis
1656 1617 1728 1642 nu-

243 1690 374 1716 meros
401 1677 538 1714 offert:

487 1794 498 1805 .
523 1772 640 1814 rapta
672 1779 694 1802 a
725 1765 852 1803 ne'scio
883 1778 956 1814 quo
982 1767 1145 1804 muliane
1173 1766 1347 1813 rciptciris

447 1839 624 1877 Ramices
651 1836 807 1885 rumpit.

242 1942 307 1980 De
339 1954 386 1979 eo
415 1951 566 1991 genere
596 1952 783 1978 versuum
817 1937 947 1976 dicam
977 1937 1083 1975 infra
1112 1942 1314 1975 accurate.
1362 1936 1552 1989 Denique
1580 1935 1726 1975 adiieio

242 2012 409 2063 probum
440 2011 688 2049 octonarium
717 2009 957 2057 iambicum,
988 2022 1107 2062 quem
1136 2006 1323 2059 praebuit
1350 2007 1400 2045 fr.
1430 2015 1470 2048 5:

356 2113 536 2159 Quotie'ns
562 2113 718 2160 priscus
747 2112 856 2150 homo
886 2123 932 2148 aa
961 2111 1129 2148 rusticus
1160 2108 1357 2149 Romdnus
1385 2111 1485 2146 inter
1514 2109 1725 2146 nundinum

355 2183 526 2221 Barba'm
557 2181 728 2221 radebat}

240 2287 482 2337 Priusquam
513 2283 619 2323 hane
654 2289 831 2321 saturam
869 2282 1003 2330 mitto,
1048 2281 1123 2320 hoe
1162 2293 1305 2319 moneo
1343 2280 1385 2318 in
1417 2286 1649 2318 transcursu
1675 2280 1724 2319 fr.
1891 2302 1898 2322 2

242 2363 286 2398 13
314 2370 394 2393 non
418 2360 528 2392 reete
558 2352 679 2403 vulgo
713 2355 822 2391 initia
851 2351 984 2400 scribi,
1017 2350 1166 2390 debere
1195 2352 1312 2396 initio,
1339 2349 1379 2388 id
1407 2350 1514 2402 quod
1540 2351 1598 2389 sie
1630 2364 1723 2389 exa·
1891 2343 1898 2426 i

239 2432 369 2464 ratum
400 2424 560 2463 invenio
587 2423 628 2460 in
658 2423 824 2460 Antonii
853 2421 1075 2462 Rieeoboni
1107 2419 1158 2459 de
1187 2419 1356 2459 historia
1384 2419 1506 2459 libro:
1535 2421 1604 2472 qui
1635 2434 1724 2459 cum

241 2503 419 2535 ceterum
451 2507 523 2533 sua
554 2492 604 2531 de
624 2493 807 2532 Varrone
834 2493 978 2531 merita
1006 2491 1134 2530 nollet
1162 2491 1268 2530 ultra
1299 2490 1555 2530 describendi
1581 2496 1620 2530 et
1642 2491 1722 2529 eol-

240 2566 394 2617 ligendi
431 2577 594 2617 operam
628 2562 839 2615 progredi,
878 2562 944 2600 hic
978 2561 1139 2600 videtur
1179 2560 1306 2601 semel
1343 2560 1439 2614 quid
1469 2561 1556 2612 ipse
1589 2574 1721 2600 emen-

241 2637 380 2674 dasse:
431 2637 587 2683 confluit
626 2635 826 2672 mulierum
866 2639 942 2671 tota
980 2634 1124 2670 Roma:
1177 2643 1274 2680 quae
1312 2637 1424 2669 noctu
1457 2627 1548 2680 fieri
1580 2634 1722 2669 initio

238 2709 347 2745 solita
385 2708 496 2744 etiam
527 2717 630 2742 nunc
651 2706 771 2752 pinea
801 2704 903 2752 fuxs
931 2705 1085 2740 indicat.
1146 2702 1195 2740 In
1227 2700 1371 2753 qnibus
1403 2694 1608 2739 Oehlerus'
1630 2713 1720 2752 per-

238 2790 376 2827 peram
402 2778 601 2814 mulierum
628 2779 706 2813 cota
731 2775 852 2811 Roma
881 2773 1187 2824 interpretatur:
1220 2773 1432 2824 ‘quotquot
1457 2777 1548 2809 sunt
1566 2771 1719 2809 Romae

238 2846 463 2885 mulieres':
505 2846 639 2884 omisit
673 2850 770 2897 puto
802 2843 958 2883 Nonius
994 2856 1157 2890 vocem,
1194 2842 1307 2881 velut
1340 2843 1471 2887 turba,
1512 2839 1618 2878 unde
1649 2853 1718 2890 ge-

235 2916 394 2953 netivus
424 2915 643 2966 pendebat.
697 2915 786 2952 Nee
811 2913 1036 2963 abstergeri
1066 2912 1205 2951 debuit
1231 2913 1429 2963 scriptura
1455 2911 1564 2959 fam,
1596 2923 1715 2962 quam
1771 2930 1776 2935 ·
