1898 3236
265 271 343 310 152
731 262 740 265 ’
835 267 1176 311 comncmsm

374 385 462 424 XII
493 385 571 436 (13)
611 386 691 423 Nec
719 368 905 454 pistorem
941 388 1058 424 ullum
1082 392 1253 425 nossent
1287 390 1363 425 nisi
1391 399 1476 426 eum
1509 392 1575 438 qm·
1603 393 1641 428 in
1670 394 1747 439 pis

260 459 362 494 trino
389 459 561 504 pinseret
588 458 774 506 farinam

373 528 441 566 Fr.
471 528 515 566 X
551 527 592 565 in
622 526 734 566 libris
763 527 887 565 Nonii
913 541 952 578 Ρ.
983 533 1072 575 214,
1102 504 1144 569 31
1186 529 1243 567 sic
1281 528 1468 569 scribitur
1499 530 1659 567 Romam
1690 533 1747 578 ip-

258 611 342 636 sam
370 601 578 636 marco-sice
606 612 680 637 non
711 611 746 647 q.
767 600 806 636 in
827 600 916 636 orbe
936 601 958 635 i.
982 611 1018 636 n.
1041 612 1073 636 c.
1116 599 1166 637 In
1197 599 1342 651 quibus
1362 601 1570 639 Mercerus
1592 606 1632 639 et
1655 603 1748 639 urbe

260 670 436 708 correxit
466 675 507 708 et
534 670 577 707 in
606 669 689 707 illis
711 672 834 717 ipsam
855 673 1064 708 marcasioe
1090 670 1218 709 latere
1240 666 1513 721 ψαμμακόσιοι
1534 671 1746 723 praeclare

259 738 574 778 animadvertit..
617 739 750 791 Quam
782 753 927 778 vocem
955 739 1186 779 Macrobius
1219 741 1380 781 Saturn.
1411 742 1450 782 V
1477 749 1535 790 20,
1568 749 1613 784 13
1647 745 1746 795 tpro

257 812 383 847 multis
414 810 637 847 Varronem
677 823 800 862 saepe
840 810 881 848 in
917 811 1146 862 Menippeis
1188 811 1268 850 suis
1305 813 1514 863 posuisse'
1559 819 1745 852 testatur.

257 879 435 930 Sumpsit
467 885 601 918 autem
635 880 879 919 vocabulum
912 880 962 919 ab
1000 879 1224 933 Eupolide,
1265 883 1352 933 qui,
1384 883 1493 935 quod
1525 883 1746 922 scholiasta
1771 877 1781 890 ¹

255 950 296 988 in
327 950 612 1001 Aristophanis
643 950 822 990 Acharn.
853 965 890 989 v.
919 959 942 992 3
970 950 1188 1002 perhibuit,
1219 948 1262 989 ἐν
1285 953 1419 1007 χρυσῷ
1438 951 1543 1004 γένει
1573 953 1743 1001 dixerat,

254 1015 445 1069 ἀριθμεῖν
471 1012 617 1066 θεατάς
638 1019 970 1070 ψαμμακοσίους.μ
994 1020 1099 1060 Vide
1124 1021 1318 1060 Meinekii
1347 1022 1588 1061 comicorum
1609 1036 1744 1074 graec.

255 1091 398 1140 fragm.
436 1090 479 1128 ΙΙ
511 1104 552 1142 Ρ.
591 1097 660 1132 543
695 1080 978 1142 et‘Aristoph.
1016 1091 1043 1130 l.
1077 1104 1111 1130 c.
1171 1090 1254 1129 Sed
1291 1091 1368 1129 hoc
1407 1105 1497 1130 cum
1534 1094 1743 1132 Mercerus

255 1161 404 1212 optime
445 1161 617 1199 Varroni
654 1161 919 1207 restituisset,
955 1160 1056 1199 illud
1085 1174 1227 1212 parum
1259 1167 1370 1200 recte
1402 1163 1595 1210 instituit,
1634 1164 1743 1216 quod

254 1233 421 1269 Romani
448 1232 609 1283 scripsit
633 1244 704 1282 pro
734 1227 907 1269 Romam.
951 1231 1122 1270 Fefellit
1155 1245 1245 1270 eum
1272 1235 1395 1279 ipsam
1422 1232 1530 1284 quod
1560 1234 1601 1271 in
1630 1233 1742 1273 libris

255 1300 441 1339 scribitur
474 1315 546 1353 pro
575 1313 689 1349 psam
719 1301 787 1339 vel
818 1309 927 1352 ψαμ,
964 1303 1005 1341 in
1042 1316 1120 1355 quo
1152 1301 1324 1340 eundem
1353 1316 1471 1355 quem
1501 1304 1742 1356 compluries

253 1372 367 1422 tetigi
397 1385 511 1410 usum
540 1370 743 1410 scribendi
766 1385 963 1422 agnosco:
995 1373 1046 1411 cf.
1073 1387 1113 1425 p.
1140 1378 1197 1413 29.
1219 1378 1276 1412 49.
1300 1378 1380 1412 115.
1404 1379 1492 1414 133:
1526 1386 1603 1412 nec
1623 1374 1743 1414 aliter

237 1441 549 1493 explicandum,
580 1441 688 1494 quod
717 1443 759 1480 in
785 1443 968 1481 ‘Vetere'
1001 1443 1138 1482 Plauti
1157 1444 1349 1491 ipseudole
1369 1442 1518 1493 legitur
1537 1458 1608 1495 pro
1624 1458 1741 1493 pseu-

252 1514 336 1549 dole
365 1512 406 1549 in
436 1512 663 1562 cognomini
693 1511 833 1550 fabula
862 1527 900 1551 v.
927 1519 970 1554 13
991 1518 1031 1551 et
1051 1520 1109 1555 45.
1151 1513 1288 1565 Atque
1314 1518 1358 1551 ut
1386 1514 1563 1553 cuiusvis
1585 1515 1738 1555 litteru-

252 1582 318 1620 lae
349 1595 424 1620 sua
453 1583 556 1620 ratio
588 1589 766 1631 constet,
808 1598 830 1622 e
864 1579 1052 1633 μακόσιοι-
1075 1584 1143 1635 qui
1173 1591 1302 1622 ortum
1331 1585 1384 1623 sit
1409 1589 1620 1624 marcosioe
1651 1600 1740 1626 cum

253 1653 448 1704 exemplis
476 1654 558 1692 suis
586 1653 666 1692 alia
693 1668 796 1706 quae
823 1668 915 1693 mox
944 1653 1134 1694 obveniet
1163 1656 1462 1708 opportunitate
1494 1670 1737 1708 expromam.

253 1722 336 1762 Sed
363 1722 472 1761 idem
500 1724 708 1762 Mercerus
739 1738 819 1762 non
850 1730 1059 1763 assecutus
1086 1728 1331 1765 sententiam
1357 1726 1530 1775 videtur,
1563 1741 1652 1766 cum
1681 1729 1739 1767 ita

250 1791 421 1830 scribat:
472 1792 597 1843 ‘Ergo
634 1793 711 1832 hoc
743 1795 798 1833 ait
822 1796 1024 1833 Romanos
1056 1808 1147 1834 esse
1176 1797 1352 1835 infinitos
1382 1802 1545 1849 praeter
1572 1811 1641 1836 eos
1670 1799 1738 1850 qui

249 1861 291 1898 in
327 1861 417 1913 ipsa
454 1862 552 1901 urbe
591 1877 743 1902 moram
779 1862 1008 1903 continuam
1034 1865 1267 1916 degebant.³
1325 1868 1452 1905 Immo
1485 1881 1563 1919 quo
1595 1881 1737 1907 sensus

248 1931 453 1983 scriptoris
500 1941 737 1986 appareat,¹
764 1936 939 1994 primum!
976 1937 1033 1974 ita
1078 1936 1259 1987 suppleri
1307 1938 1553 1975 enuntiatum
1591 1938 1734 1978 debet:

250 2003 496 2049 Confluebant
519 2008 605 2043 olim
636 2008 797 2045 Romam
824 2001 1117 2057 ψαμμακόσιοι,
1146 2020 1221 2059 non
1247 2010 1313 2056 qui
1339 2009 1377 2044 in
1405 1998 1498 2046 urbe
1525 2012 1734 2047 calumnia-

247 2079 402 2120 rentur,
445 2078 523 2113 sed.
592 2076 750 2129 Nempe
788 2077 916 2116 Varro
953 2092 1043 2117 eum
1079 2090 1231 2117 morem
1266 2078 1418 2128 tangit,
1467 2093 1544 2131 quo
1582 2081 1732 2128 rustici,

245 2149 642 2196 posteaquam-octo
683 2147 823 2186 diebus
857 2148 899 2186 in
941 2149 1047 2199 agris
1087 2161 1188 2200 opus
1226 2150 1430 2196 fecerant,
1467 2162 1572 2188 nono
1610 2151 1732 2190 inter-

246 2214 367 2252 misso
405 2202 496 2255 rure
535 2217 587 2255 ad
628 2224 850 2257 mercatum
878 2217 1074 2270 legesque
1106 2219 1364 2271 accipiendas
1396 2219 1565 2258 Romam
1594 2222 1733 2260 venire

246 2283 442 2323 solebant.
509 2286 611 2325 Sunt
650 2287 753 2325 haec
792 2288 879 2325 fere
920 2287 1047 2326 verba
1084 2289 1283 2328 Macrobii
1323 2289 1484 2329 Satura.
1518 2291 1540 2329 I
1571 2298 1635 2340 16,
1670 2299 1730 2334 34.

244 2353 509 2406 Eandemque
541 2357 874 2396 consuetudinem
895 2359 1118 2411 Dionysius
1140 2359 1516 2408 Halicarnassensis
1540 2361 1733 2402 describit

244 2422 295 2460 A.
328 2423 378 2460 R.
410 2425 491 2462 VII
521 2433 567 2466 58
595 2426 642 2463 αἱ
664 2421 701 2463 δ’
734 2421 876 2480 ἀγοραὶ
899 2419 1100 2479 Ῥωμαίοις
1130 2427 1318 2481 ἐγένοντο,
1350 2427 1401 2477 ὡς
1430 2429 1635 2483 καὶ-μέχρι
1655 2434 1732 2472 τῶν

244 2485 342 2530 καθ’
374 2485 477 2542 ἡμᾶς
504 2489 676 2544 χρόνων,
714 2491 766 2534 δι’
798 2491 943 2550 ἡμέρας
977 2495 1160 2550 ἕννᾶτης·
1200 2497 1242 2537 ἐν
1272 2498 1314 2538 δὲ
1340 2495 1499 2548 ταύταις
1529 2498 1731 2552 συνιόντες

243 2559 286 2600 ἐκ
313 2562 391 2602 τῶν
419 2558 553 2615 ἀγρῶν
575 2565 617 2603 οἵ
635 2565 837 2617 δημοτικοὶ
859 2567 913 2614 εἰς
935 2561 1006 2618 τὴν
1029 2563 1143 2607 πόλιν
1163 2584 1232 2616 τας
1257 2566 1290 2608 τ’
1322 2565 1506 2621 αμείψεις
1526 2571 1729 2615 ἐποιοῦντο

243 2633 323 2672 τῶν
355 2625 484 2673 ὠνίων
512 2633 579 2673 καὶ
613 2649 680 2683 τας
710 2635 820 2683 δίκας
847 2631 941 2687 παρ’
973 2631 1154 2688 ἆλληλων
1187 2636 1410 2694 ἐλαμβανον
1447 2638 1494 2682 τά
1528 2659 1568 2683 τε
1597 2642 1728 2696 κοινά,

241 2698 346 2742 ὅσων
374 2691 476 2754 ἦσαν
507 2699 638 2757 κύριοι
660 2721 757 2745 κατα
778 2701 868 2754 τοὺς
891 2703 1057 2758 νόμους,
1085 2708 1151 2747 καὶ
1174 2705 1247 2748 όσα
1277 2706 1302 2762 ἡ
1331 2708 1456 2764 βουλὴ
1483 2712 1727 2768 ἐπιτρέψειεν

242 2766 396 2824 αυτοῖς,
443 2777 584 2825 ψῆφον
619 2769 964 2828 ἆναλαμβανοντες
1001 2776 1241 2833 ἐπεκύρουν·
1286 2796 1354 2829 τας
1388 2782 1429 2823 δὲ
1468 2779 1609 2836 μεταξυ
1645 2786 1724 2825 τῶν

240 2838 395 2895 ἀγορῶν
420 2848 521 2885 ma.-
548 2848 654 2887 Vide
684 2848 734 2887 de
763 2855 934 2902 utroque
965 2851 1055 2890 loco
1085 2852 1134 2892 L.
1159 2854 1302 2892 Ianum
1329 2856 1379 2894 ad
1410 2855 1604 2895 Macrobii
1630 2857 1658 2895 1.
1691 2871 1724 2896 c.

240 2916 349 2965 Ergo
388 2917 605 2956 veniebant
644 2920 782 2957 rustici
828 2921 1016 2960 nundinis
1058 2937 1145 2961 cum
1181 2923 1409 2963 ‘mercandi
1439 2925 1723 2979 vendendique

1888 3021 1898 3236 Δ-...ῌῴ-
