1898 3236
300 207 377 248 178
868 218 1208 250 CONOEGTANEA.

409 321 513 360 VIII
545 319 625 372 (40)
656 323 876 360 Raditatem
897 336 947 361 an
966 324 1155 372 pudo'rem
1177 328 1320 373 yallum
1347 325 1469 375 coe'pit
1491 328 1584 365 inibi
1606 326 1775 365 viderim.

409 413 473 450 IX
501 411 579 462 (41)
655 413 886 461 Numquae
912 421 1092 452 venustas
1120 397 1320 454 liis'adest
1346 417 1601 465 qalldntibus?

657 484 762 528 Quae
790 483 899 522 casta
926 486 1062 522 vestis?
1105 485 1214 523 ae'tas
1238 498 1336 535 quae
1366 488 1689 525 adulescentium?

658 556 764 601 Quae
791 556 933 593 te'neris
962 558 1132 604 species?

296 647 432 698 Atque
475 645 537 683 his
573 645 737 696 quidem
773 645 984 697 quaerenti
1017 644 1068 684 de
1106 645 1282 685 ruditate
1312 647 1513 698 gallorum
1540 649 1777 700 responderi

296 723 477 768 apparet.
552 716 618 753 Fr.
659 715 762 754 VIII
803 715 929 754 Nonii
972 716 1222 768 exemplaria
1262 730 1302 768 p.
1339 723 1427 767 487,
1465 724 1510 759 26
1541 723 1776 767 pruditalem

295 787 490 826 exhibent
523 791 563 824 et
592 789 684 824 milii
708 790 838 825 videri.
888 788 1091 824 ruditatem
1119 786 1318 826 Oehlerus
1353 789 1546 836 correxit,
1589 790 1652 828 cui
1682 789 1779 842 quid

294 863 473 912 praestet
493 857 665 897 Prelleri
683 860 960 907 procacitatem
989 871 1067 896 non
1097 858 1311 909 intellego:
1345 858 1386 896 id
1416 860 1523 910 quod
1553 861 1646 899 hinc
1667 875 1778 912 pror-

294 942 361 967 sus
392 929 568 968 alienum
601 942 690 968 esse
723 928 826 976 vidi,
855 927 925 967 ubi
955 919 1229 980 fragmentum¹
1250 929 1352 967 illud
1382 936 1508 969 metro
1540 938 1778 983 conceptum

294 1001 421 1039 fuisse
453 1001 642 1052 cognovi:
671 1000 713 1038 in
743 999 805 1038 his
837 999 943 1038 enim
974 1002 1065 1037 mihi
1094 1003 1222 1044 videri,
1255 1013 1359 1052 quae
1384 1002 1583 1040 Oehlerus
1605 1014 1777 1041 commu-

294 1073 396 1110 tavit
433 1085 521 1110 cum
562 1072 683 1118 coepit
715 1071 824 1115 mihi,
865 1073 1053 1115 vereriszu
1104 1070 1206 1108 nihil
1235 1071 1360 1109 latere
1392 1071 1532 1122 opinor
1559 1072 1639 1109 nisi
1668 1073 1777 1124 quod

296 1142 459 1193 reposui
485 1144 578 1179 inibi
602 1142 780 1179 viderim:
819 1139 963 1192 quibus
1001 1141 1176 1191 receptis
1207 1140 1300 1177 ilico
1331 1139 1579 1191 prodit-<non
1606 1142 1775 1180 reiecta-

295 1225 395 1251 neus
433 1212 687 1264 septenarius
717 1210 958 1248 trochaicus.
1019 1210 1084 1247 De
1111 1212 1251 1257 coepit,
1284 1209 1390 1261 quod
1420 1216 1481 1248 est
1509 1214 1633 1259 coepit
1663 1224 1778 1260 quae-

295 1294 394 1329 rere,
425 1285 625 1328 sciscitari,
655 1281 806 1320 sufficit
835 1279 1055 1319 contulisse
1085 1278 1276 1318 Ovidium
1307 1281 1347 1318 in
1378 1280 1492 1319 fastis
1518 1281 1575 1320 IV
1598 1270 1665 1323 215
1687 1296 1778 1336 sqq.

498 1374 686 1410 Desierat.
727 1373 854 1419 coepi:
883 1371 980 1408 ‘cur
1008 1371 1096 1408 huic
1122 1382 1244 1419 yenus
1274 1383 1376 1416 aere,
1406 1354 1532 1410 leones

565 1444 755 1481 Praebent
785 1427 955 1479 insolitas
984 1443 1036 1478 ad
1062 1442 1152 1488 iuya
1180 1453 1300 1479 curva
1327 1443 1482 1479 iubas?'

501 1515 707 1551 Desieram.
748 1514 889 1560 coepit:
920 1511 1084 1560 ‘feritas
1112 1514 1254 1550 mollita
1281 1523 1356 1560 per
1380 1515 1482 1550 illam

567 1583 775 1622 Creditur?

296 1677 446 1713 Castam
477 1680 613 1713 vestem
643 1686 747 1725 quae
779 1672 924 1711 dicitur
954 1671 1000 1709 fr.
1026 1671 1092 1710 IX
1117 1677 1214 1725 puto
1242 1671 1291 1711 de
1318 1673 1514 1724 gallorum
1533 1674 1673 1714 habitu
1692 1690 1775 1715 mu·

294 1745 412 1784 liebri
456 1742 795 1793 intellegendam:
853 1742 905 1782 cf.
948 1742 1141 1782 Greuzeri
1187 1745 1382 1793 Symbolilc
1427 1749 1507 1784 und
1546 1748 1777 1796 Mytkoloqie

296 1816 500 1866 (Deulsclie
528 1813 725 1862 Schriften
756 1814 775 1851 1
803 1813 843 1864 2)
874 1827 911 1864 p.
941 1820 1021 1855 364.
1763 1863 1765 1865 q

406 1885 582 1923 Tantum
615 1888 676 1921 cst
711 1883 990 1935 reliquiarum,
1038 1897 1142 1936 quac
1177 1883 1228 1921 ad
1261 1883 1447 1937 Cybelen
1482 1889 1687 1939 pertinere
1719 1889 1776 1927 vi-

295 1955 485 1994 deantur:
526 1966 644 2006 quam
676 1953 836 2005 quidem
866 1955 1139 2009 narr-ationem
1169 1968 1327 1994 omnem
1358 1956 1554 2005 credibile
1583 1959 1645 1997 est
1672 1960 1776 1998 Var—

293 2039 430 2064 ronem
469 2026 526 2063 ita
566 2025 811 2075 instituisse,
854 2033 899 2065 ut
943 2039 1031 2065 cum
1069 2037 1215 2064 vanam
1244 2040 1333 2065 esse
1364 2027 1558 2067 creditam
1591 2029 1694 2068 deae
1724 2029 1776 2068 ad

263 2123 266 2127 Δ
295 2094 518 2134 sanandum
557 2096 680 2133 animi
717 2096 892 2135 furorem
923 2096 1146 2135 efficaciam
1182 2097 1435 2145 ostenderet,
1468 2099 1586 2138 simul
1615 2100 1774 2139 univer-

293 2179 378 2204 sam
407 2179 495 2203 cum
527 2166 597 2204 illo
623 2167 734 2205 cultu
758 2167 935 2206 iunctam
969 2166 1294 2223 superstitionem
1321 2168 1474 2208 salibus
1501 2169 1777 2221 adspergeret.

294 2237 505 2288 Pergimus
541 2236 592 2275 ad
628 2238 830 2289 Serapim,
874 2236 923 2276 de
965 2238 1078 2276 cuius
1123 2238 1331 2278 curatione
1367 2239 1470 2278 haec
1500 2252 1675 2278 vesanus
1707 2239 1776 2278 ille

297 2308 528 2358 expromit:-

405 2398 448 2435 X
471 2398 552 2448 (18)
572 2398 621 2434 In
643 2400 784 2442 somnis
805 2401 915 2443 veuit,
938 2400 1037 2435 iubet
1059 2410 1116 2436 me
1136 2410 1269 2446 cepam
1291 2410 1372 2436 esse
1392 2405 1429 2437 et
1449 2401 1549 2437 vesci
1571 2402 1774 2438 cuminum.

405 2488 469 2526 XI
501 2485 583 2537 (20)
620 2488 731 2523 Nunc
770 2489 815 2524 de
853 2493 906 2532 te,
943 2490 1083 2535 inquit,
1123 2490 1379 2526 meliusculam
1409 2500 1513 2536 spem
1538 2490 1677 2535 habeo,
1712 2492 1778 2537 qui

294 2569 374 2595 rem
396 2560 690 2605 ⁴spurcissimam
717 2562 875 2605 gustare
903 2559 1099 2594 noluerim.
1783 2554 1787 2556 “

295 2648 458 2686 Interim
492 2646 668 2695 accedit,
710 2647 778 2699 qui
807 2646 923 2689 istam
957 2647 1087 2685 insani
1115 2646 1398 2686 credulitatem
1423 2648 1614 2698 castigat,
1656 2649 1774 2700 eique

295 2717 414 2755 aliam
446 2723 484 2755 et
514 2717 719 2757 meliorem
747 2717 966 2756 sanationis
995 2718 1101 2756 viam
1129 2717 1304 2757 indicat:

408 2795 494 2833 XII
523 2795 602 2847 (16)
637 2797 742 2846 ‘Eyo
770 2799 966 2842 medicina,
1000 2798 1150 2845 Serapi,
1178 2797 1287 2835 κίον’
1317 2798 1466 2857 cottidie
1491 2802 1667 2844 precam.
1716 2800 1772 2834 in-

295 2868 425 2913 telleyo
454 2873 556 2904 recte
584 2870 767 2915 scriptum
796 2879 877 2905 esse
906 2869 1064 2916 Delphis
1095 2870 1191 2904 Osa·
1219 2871 1299 2903 Hm.
