1898 3236
792 240 1136 279 comum-Annii.
1635 241 1712 282 135

225 363 317 394 ceat
346 357 388 394 in
416 354 618 394 edolando
650 353 791 393 libello
816 354 976 393 Musam
1000 353 1244 407 apprecari‘?
1283 353 1420 395 Verbo
1442 353 1574 393 dicam
1592 369 1714 408 posse

222 426 325 465 haec
361 426 499 480 aliquo
531 425 650 465 modo
689 425 833 464 referri
864 425 917 464 ad
943 438 1013 473 ea,
1054 437 1160 478 quae
1193 423 1244 463 de
1270 424 1387 463 Echo
1416 424 1457 463 in
1484 430 1714 468 Snsoumuxs

224 497 393 536 conieci.
453 496 630 535 Tantum
669 495 721 534 de
760 495 859 534 illis.
882 495 1140 546 fragmentis,
1178 508 1283 547 quae
1315 497 1565 547 prooemium
1598 503 1638 536 et
1670 498 1718 536 in

219 569 435 620 prooemiis
466 567 554 606 fieri
582 566 743 605 solitam
770 565 938 605 deorum
966 567 1267 605 invocationem
1293 572 1476 618 tangunt.

332 639 410 678 His
441 651 544 691 quae
577 638 770 690 deinceps
806 637 1006 691 adscripsi
1037 638 1090 677 ad
1121 637 1244 676 alium
1274 637 1566 677 sententiarum
1596 644 1707 678 teno-

218 723 317 759 rem,
348 709 418 763 qui
449 709 525 747 fuit
549 708 599 747 de
630 722 707 747 usu
735 714 952 761 troporum,
985 709 1234 748 deducimur.

330 801 393 839 IV
424 798 503 851 (21)
538 801 632 838 Ideo
657 801 757 849 fuya
786 802 947 839 hostium
972 812 1114 849 qraece
1145 805 1304 839 vocatur
1327 793 1477 849 τροπήε
1505 802 1595 840 hinc
1622 814 1710 850 spo-

216 873 270 908 lia
298 877 414 920 capta
436 873 524 920 fixa
551 873 592 908 in
621 873 812 919 stipitibus
841 874 1089 919 appellantur
1117 864 1299 920 τρόπαια.
1354 881 1361 884 “

325 951 368 999 V
397 960 476 1012 (23)
507 955 756 1012 Κατάχρησις
783 967 841 998 est
866 964 965 999 enim
985 939 1101 1006 *ver-a,
1133 974 1218 998 cum
1249 964 1288 999 in
1315 965 1548 1001 candelabro
1563 967 1711 1012 pendet

213 1035 371 1082 striyile.

326 1123 388 1163 VI
417 1122 496 1175 (ll)
535 1125 581 1161 Ut
610 1136 746 1162 novum
777 1124 948 1160 cribrum
978 1134 1073 1160 novo
1097 1124 1248 1170 paxillo
1269 1106 1478 1170 pendeat(

215 1215 338 1254 Suam
360 1214 410 1253 de
433 1215 558 1266 tropis
580 1214 908 1266 disputationem,
937 1213 1050 1251 cuius
1076 1213 1334 1252 occasionem
1357 1213 1549 1263 indicavi,
1576 1217 1705 1256 Varro

215 1292 258 1324 ut
285 1286 589 1337 grammaticum
620 1284 794 1323 decebat
825 1283 875 1322 ab
904 1284 1174 1334 explicatione
1198 1286 1310 1324 vocis
1331 1285 1564 1336 inchoabat,
1591 1289 1704 1328 cuius

214 1358 296 1396 vim
325 1362 366 1395 et
397 1357 592 1407 originem
622 1354 818 1393 similibus
847 1368 871 1392 a
893 1351 1049 1409 τρέπειν
1071 1350 1258 1394 deductis
1280 1356 1492 1395 vocabulis
1514 1357 1703 1398 illustrat.

215 1429 269 1467 Ut
299 1441 514 1479 perperam
549 1425 714 1479 quidam
751 1426 949 1477 tropaeis,
990 1439 1095 1478 quae
1125 1425 1189 1464 ibi
1222 1426 1429 1474 dicuntur,
1469 1428 1520 1467 ad
1551 1430 1701 1480 signifi-

213 1482 385 1537 candum
415 1502 696 1548 argumentum
724 1501 885 1534 saturae
914 1497 976 1534 usi
1008 1497 1097 1534 sint.
1139 1498 1208 1536 Fr.
1235 1506 1255 1539 5
1286 1501 1432 1548 scr-iyile
1459 1500 1592 1539 scribo
1618 1501 1701 1540 No-

213 1571 288 1618 nii,
327 1583 408 1608 non
446 1570 531 1608 eius
561 1567 815 1606 librariorum
847 1568 1111 1606 auctoritate:
1152 1568 1214 1607 his
1256 1570 1384 1617 enim,
1419 1572 1487 1623 qui
1515 1572 1558 1610 in
1588 1573 1700 1611 testi-

211 1642 343 1680 monio
374 1640 568 1679 Varronis
604 1641 764 1687 striyilis
801 1636 1014 1685 exhibent,
1053 1644 1192 1678 contra
1221 1640 1320 1679 dicit
1349 1640 1528 1688 Nonius,
1567 1655 1593 1680 a
1622 1655 1701 1693 quo

212 1713 313 1751 haec
336 1711 601 1751 Varronianis
630 1709 940 1762 praemittantur
966 1722 1006 1759 p.
1037 1715 1118 1757 223,
1141 1718 1183 1750 5:
1215 1712 1423 1761 ‘striyilim'
1452 1714 1698 1761 manifestum

208 1790 263 1822 est
293 1795 375 1822 esse
402 1785 555 1833 qeneris
571 1782 761 1830 feminini.
802 1782 933 1817 neutri
959 1781 1084 1818 Varro
1116 1783 1314 1821 Vimarco:
1342 1776 1578 1834 κατάχρησις
1599 1797 1634 1822 e.
1658 1798 1696 1836 q.

210 1869 242 1895 s.
272 1856 467 1903 'striqilim
498 1860 632 1892 autem
654 1864 775 1904 quam
794 1853 977 1900 striqilem
999 1851 1252 1904 frequentius
1276 1853 1356 1892 dici
1378 1855 1514 1893 Nonio.
1531 1860 1696 1893 auctore

209 1925 312 1964 falso
341 1924 465 1963 tradit
484 1922 792 1962 Ruddimannus
821 1922 915 1959 inst.
937 1934 1104 1972 gramm.
1124 1923 1146 1961 I
1165 1929 1213 1965 78
1230 1924 1324 1964 adn.
1347 1931 1404 1967 57.
1450 1928 1486 1963 si
1504 1939 1577 1977 pro
1598 1938 1696 1970 cum,

207 1997 317 2050 quod
345 1999 387 2036 in
416 1995 583 2036 Oehleri
615 1993 792 2032 editione
822 1992 985 2052 legitur,
1018 2007 1129 2031 error
1159 2001 1221 2034 est
1251 1995 1430 2034 editoris.
1492 1991 1696 2046 Κατ-οἱχρη-

206 2078 266 2114 σις
298 2081 379 2121 qua
398 2068 439 2106 vi
461 2065 701 2118 accipienda
721 2069 843 2111 esset,
875 2069 967 2102 ante
992 2064 1183 2105 indicavi.
1222 2067 1380 2118 Lepide
1403 2073 1539 2106 autem
1558 2082 1696 2108 veram

206 2133 479 2190 καταχρήσεως
514 2137 693 2176 indolem
731 2134 936 2188 pendente
971 2135 1013 2172 in
1050 2137 1295 2176 candelabro
1327 2139 1475 2190 strigili
1503 2139 1695 2187 illustrat,

207 2211 319 2248 cuius
356 2223 473 2248 usum
505 2209 548 2246 in
583 2207 741 2246 balneis
780 2218 871 2244 esse
897 2218 1027 2244 ¹nemo
1066 2208 1210 2248 nescit.
1272 2209 1356 2248 Sed
1388 2210 1493 2249 haec
1532 2225 1692 2265 quoque

184 2278 469 2332 ‚repellendae
509 2278 776 2327 criminationi
821 2277 1022 2316 inservire
1067 2278 1157 2330 ipsa
1201 2281 1403 2319 sententia
1450 2281 1693 2330 subindicat,

139 2373 152 2381 s
206 2350 268 2388 cui
307 2348 545 2387 adhaesisse
582 2347 719 2399 aliquo
756 2346 875 2386 modo
905 2348 954 2386 fr.
986 2349 1047 2387 VI
1080 2349 1286 2401 suspicor:
1318 2351 1366 2389 'in
1396 2366 1475 2406 quo
1506 2367 1612 2406 quae
1642 2354 1692 2393 de

205 2419 335 2475 cribro
374 2425 414 2458 et
451 2418 603 2470 paxillo
638 2407 744 2456 novo
781 2417 987 2467 dicuntur,
1027 2433 1076 2459 ea
1105 2433 1266 2474 quoque
1297 2422 1488 2464 videntur
1516 2428 1693 2478 exempli

204 2490 334 2528 vicem
365 2487 561 2527 obtinere.
620 2488 797 2540 Nempe,
828 2496 872 2528 ut
904 2486 1076 2543 planius=
1095 2491 1249 2541 dicam,
1285 2508 1405 2547 quem
1434 2497 1520 2535 fere
1552 2509 1689 2535 eorum

204 2572 401 2598 conexum
429 2559 564 2619 ⁵fuisse
603 2561 832 2611 conficiam,
871 2568 995 2614 negat
1020 2557 1162 2603 Varro'
1182 2566 1471 2617 reprehensam
1500 2581 1524 2606 a
1552 2568 1691 2606 nescio

202 2644 282 2684 quo
329 2630 370 2668 in
414 2643 486 2668 suo
531 2622 668 2684 ‘aliquo
713 2634 908 2684 opusculo
955 2628 1196 2688 κατᾶχρησιν
1237 2651 1337 2677 vero
1384 2641 1546 2678 nomine
1594 2639 1687 2686 dici,

203 2700 365 2753 quando
406 2714 487 2739 non
525 2701 701 2740 alienum
740 2705 799 2743 rei
826 2706 961 2745 locum
987 2707 1056 2746 vel
1083 2720 1246 2746 sensum
1275 2710 1367 2747 voci
1400 2709 1606 2757 tribuerit,
1646 2716 1687 2747 ut

201 2772 269 2824 qui
301 2771 498 2822 strigilem
527 2772 569 2810 in
602 2772 849 2815 candelabro
880 2777 1116 2830 suspendat,
1147 2778 1265 2818 immo
1297 2794 1340 2818 se
1372 2793 1503 2818 novae
1530 2781 1591 2819 rei
1616 2793 1685 2819 no-

200 2856 292 2880 vam
322 2844 492 2880 formam
513 2843 781 2895 quaesivisse,
811 2847 1151 2899 quemadmodum
1177 2862 1318 2889 curare
1341 2863 1490 2889 novum
1513 2850 1685 2890 cribrum

198 2919 242 2950 ut
274 2926 380 2951 novo
418 2914 571 2964 paxillo
603 2915 782 2967 pendeat
818 2917 1010 2958 assolent.
1074 2919 1220 2972 Neque
1253 2921 1358 2958 enim
1393 2922 1545 2961 locutio
1579 2936 1684 2976 quae
