1898 3236
0 0 79 138 'la

0 202 10 213 b

0 219 3 230 b
257 231 270 243 l

758 265 1103 298 commeritum.
1605 255 1617 293 1
1628 254 1681 295 23

186 374 307 421 Mihi,
346 387 399 412 ne
431 371 614 426 pluribus
642 369 714 411 ill'a
741 372 949 411 molimina
979 372 1206 422 exagitem,
1244 370 1352 410 ultro
1386 382 1437 408 ex
1467 368 1683 408 emendate

0 426 26 574 ‚-
189 445 350 497 scriptis
385 443 522 484 verbis
560 442 723 482 videtur
760 457 810 482 ea
841 445 1134 497 glyconeorum
1171 443 1302 481 forma
1337 440 1522 493 prodire,
1563 453 1685 493 quam

191 516 243 556 G.
262 517 532 577 *Hermannus
560 515 695 566 tetigit
723 515 1004 558 inelementis
1035 514 1072 552 d.
1103 526 1155 551 m.
1185 527 1226 566 p.
1257 517 1345 554 565:

462 595 539 641 -ὐ
562 633 592 638 -
614 630 640 642 υ
671 601 871 644 Pieridum
901 616 1026 644 comes

462 677 574 723 Quae'
599 683 701 715 tenet
729 677 868 716 cava'ta
895 678 979 725 yelo
1006 678 1116 724 putri

462 743 649 787 Mantiu'm
676 752 772 787 laxa
803 746 955 799 [άηὶνα]
988 771 1011 781 υ
1033 774 1063 779 -
1085 770 1110 781 0
1134 773 1159 779 -
1195 752 1197 754 ’

191 837 268 877 Oui
301 839 447 881 iisdem
476 840 654 878 numeris
684 839 855 878 alterum
884 838 1155 889 fragmentum
1186 836 1391 876 succedit:

464 957 489 963 -
517 955 540 966 υ
567 958 592 964 -
624 934 663 969 in
699 930 958 979 Thdspiadum
987 930 1105 967 c'koro

462 1003 681 1052 De'repente
714 1023 1025 1038 -------

191 1101 258 1140 De
297 1105 501 1143 sententia
539 1105 683 1157 prioris
715 1104 899 1143 breviter
934 1116 983 1141 ac
1011 1115 1110 1141 vere
1137 1101 1343 1153 Scaliger:
1388 1099 1615 1149 ‘Intelligit
1642 1103 1688 1135 ut

130 1163 134 1165 ⁴
192 1178 289 1223 puto
325 1164 400 1223 τὴν
436 1167 549 1225 ἠχώ)
618 1175 701 1215 Sed
747 1174 845 1228 quid
883 1174 983 1212 echo
1023 1187 1115 1212 cum
1152 1170 1441 1224 Sesquiulixe?
1508 1171 1688 1208 Possunt

192 1244 332 1296 plures
363 1246 600 1284 occasiones
636 1244 1013 1284 commemorandae
1045 1237 1170 1282 echus
1200 1243 1390 1294 cogitari:
1434 1242 1547 1281 velut
1576 1254 1687 1279 reso-

193 1320 357 1354 nantem
378 1329 468 1354 eam
488 1317 634 1355 montis
652 1317 869 1367 imaginem
883 1316 1117 1368 percepisse
1137 1316 1178 1354 in
1198 1316 1342 1354 itinere
1362 1313 1664 1366 Sesquiulixem
1676 1331 1688 1355 ς

195 1398 453 1439 quamquam,
481 1388 560 1426 nisi
587 1401 651 1426 me
683 1388 843 1440 species
873 1387 1002 1435 fallit,·
1030 1388 1158 1433 oratio
1182 1393 1223 1426 et
1244 1387 1375 1425 forma
1398 1386 1569 1424 metrica
1594 1384 1687 1424 sub-

194 1457 330 1500 limius
364 1457 462 1510 quid
500 1464 541 1497 et
577 1459 708 1497 minus
743 1457 914 1508 vulgare
940 1457 1182 1496 subindicat.
1232 1456 1354 1509 Quod
1383 1455 1482 1509 quid
1511 1456 1564 1494 sit
1592 1454 1688 1494 inde

195 1527 339 1567 videor
370 1530 581 1582 suspicari,
615 1528 725 1582 quod
754 1541 889 1567 comes
917 1528 1323 1570 Pieridumvoeatur
1342 1527 1472 1576 Echo,
1500 1532 1541 1565 et
1566 1525 1689 1565 subii-

197 1599 300 1638 citur
347 1600 458 1639 chori
503 1598 784 1652 Thespiadum
832 1600 996 1638 mentio.
1063 1599 1223 1649 Nempe
1267 1596 1372 1653 haec
1424 1611 1446 1636 e
1483 1596 1689 1650 prooemio

198 1676 358 1722 sumpta
390 1684 482 1710 esse
506 1671 713 1724 putabam,
744 1671 854 1724 quod
878 1675 946 1710 aut
971 1671 1156 1720 integrae
1185 1674 1348 1708 saturae
1374 1674 1449 1719 aut
1474 1668 1582 1720 parti
1604 1668 1690 1706 eius

197 1728 473 1792 praepositum
499 1743 658 1783 fuisset.
708 1742 936 1782 Videbatur
966 1742 1072 1781 enim
1105 1754 1188 1780 non
1206 1740 1415 1791 indignum
1438 1744 1562 1791 poe'ta
1582 1744 1690 1778 satu-

196 1812 294 1860 rico,
315 1825 405 1851 cum
430 1813 483 1852 ad
498 1814 708 1854 Homerici
724 1814 858 1858 Ulixis
880 1827 996 1852 suum
1013 1812 1255 1865 depingeret
1271 1811 1587 1865 Sesquiulixem‚
1610 1824 1692 1849 non

199 1881 312 1921 adire
341 1883 493 1941 MusaS,
523 1890 567 1923 ut
589 1885 793 1925 Homerus
827 1885 975 1924 cecinit
1004 1876 1133 1934 ἄνδρα
1162 1895 1229 1933 μοι
1260 1881 1400 1921 ἔννεπε
1420 1881 1587 1930 Μοῦσα,
1617 1880 1693 1920 sed

201 1954 388 1992 comitem
415 1955 622 1995 Musarum
651 1957 788 2005 Echo,
826 1963 871 1995 ut
910 1944 1105 2003 referret,
1145 1967 1252 2007 quae
1284 1969 1306 1994 e
1338 1954 1460 1993 choro
1490 1953 1690 2004 Thespia-

199 2023 293 2063 dum
319 2025 584 2076 percepisset.
646 2027 768 2067 Certe
808 2028 866 2066 sic
906 2040 987 2065 non
1022 2026 1190 2078 illepide
1228 2026 1359 2065 Varro
1385 2039 1500 2064 suum
1528 2029 1692 2077 poe’ma-

198 2097 283 2134 tion
313 2102 520 2148 tamquam
556 2110 701 2136 vocem
733 2097 783 2135 ab
818 2099 989 2137 Homeri
1023 2097 1200 2137 carmine
1231 2095 1513 2148 repercussam
1544 2094 1694 2146 signifi-

200 2172 325 2206 caret.
385 2167 474 2205 Nec
518 2167 627 2219 quod
674 2167 844 2206 eaedem
887 2161 1039 2207 Musae'
1074 2167 1115 2205 in
1157 2166 1301 2205 eadem
1335 2164 1695 2216 comprehensione

199 2237 319 2276 modo
358 2237 546 2276 Pierides
576 2237 694 2275 modo
725 2234 984 2289 Thespiades
1008 2242 1226 2285 vocantur,
1255 2235 1306 2275 ab
1335 2235 1454 2274 huius
1486 2234 1695 2286 scriptoris

202 2312 243 2346 et
282 2307 420 2358 scripti
458 2306 577 2345 modo
616 2291 817 2346 abhorret.
879 2308 963 2347 Sed
1003 2307 1112 2346 cadit
1144 2309 1186 2346 in
1214 2307 1320 2346 hanc
1349 2305 1622 2345 coniecturam
1651 2310 1696 2342 ut

200 2378 243 2415 in
274 2365 398 2424 alias}
438 2389 540 2429 quas
572 2390 622 2416 ex
649 2378 726 2416 hoc
764 2391 915 2429 genere
954 2377 1126 2430 protuli,
1167 2377 1386 2416 nonnullas
1424 2375 1547 2426 illud,
1587 2374 1696 2428 quod

203 2447 253 2486 de
281 2447 480 2485 consimili
511 2460 637 2486 causa
664 2448 822 2487 Nakius
853 2449 1038 2498 dicebat,
1076 2461 1167 2488 esse
1202 2461 1272 2487 eas
1299 2447 1386 2485 ludi
1415 2446 1589 2494 similes⁷
1631 2447 1696 2484 ‘in

203 2534 282 2573 quo
314 2533 428 2572 spem
458 2518 553 2558 boni
575 2525 744 2558 eventus
767 2526 917 2573 aequet
938 2521 1023 2559 fere
1047 2519 1184 2558 damni
1207 2524 1248 2558 et
1271 2518 1417 2557 erroris
1437 2516 1694 2569 periculum’.

316 2593 450 2642 Pergo
490 2588 560 2630 ad·
587 2589 687 2628 alia:
741 2595 782 2628 et
817 2604 955 2629 rursus
993 2591 1036 2629 in
1071 2603 1195 2628 unum
1231 2588 1367 2626 locum
1405 2587 1552 2639 colligo
1590 2587 1695 2626 haec

203 2663 253 2702 ab
286 2662 466 2702 Oehlero
497 2659 683 2711 dispersa
708 2660 957 2711 fragmenta:

315 2761 336 2794 5
405 2754 506 2798 Quid
532 2755 632 2789 enim
660 2735 739 2796 esn-
765 2753 869 2799 quod
895 2752 1005 2789 homo
1034 2753 1229 2788 masculus
1260 2751 1450 2787 lubentius
1476 2749 1605 2786 videre
1632 2749 1695 2785 de-

405 2826 491 2862 beat
515 2824 614 2860 bella
644 2806 797 2859 umore?
1387 2820 1394 2825 ’

315 2922 337 2957 9
354 2941 363 2946 κ
406 2916 478 2960 Qui
505 2924 546 2951 se
578 2915 616 2949 in
643 2923 808 2960 yaneum
839 2923 886 2949 ac
915 2921 1070 2949 censum
1100 2911 1260 2950 coniecit
1290 2911 1449 2947 amicae.
