1898 3236
265 220 318 259 64
399 260 401 262 .
834 233 1177 272 coNIEorANEA,

377 335 550 374 Restant
571 326 774 387 postremo
806 337 884 376 duo
914 339 1156 389 fragmenta,
1191 345 1333 392 aperta
1362 341 1434 380 illa
1460 341 1622 393 quidem
1652 355 1743 381 sen*-

263 407 410 454 tentia,
457 412 497 445 et
534 419 639 458 quae
677 407 772 445 olim
808 394 1008 447 artissime
1039 421 1194 448 conexa
1218 409 1345 449 fuisse
1372 411 1630 456 manifestum
1660 418 1742 456 est:¹

264 477 337 516 sed
372 478 412 515 in
449 461 541 530 qua*
562 483 678 530 parte
719 478 1076 530 colloquii'posita
1113 479 1282 528 fuerint,
1321 480 1457 520 dicere
1488 496 1568 520 non
1597 483 1740 523 audeo.
1779 490 1782 493 '

263 548 501 598 Venationis
537 549 643 587 enim
679 548 923 594 obtrectator
964 549 1092 601 carpit
1129 550 1250 597 etiam
1286 551 1547 601 insolentem,
1586 565 1664 604 quo
1701 554 1743 593 in
1790 590 1793 591 γ

263 618 449 665 venando
480 620 538 658 uti
567 619 743 668 soleant,
781 619 930 657 cultum
958 621 1150 664 vestitus:
1195 622 1272 660 nisi
1301 622 1404 661 haec
1433 636 1514 661 non
1543 622 1595 661 ad
1618 636 1741 662 vena-.

262 690 414 735 tionem
444 690 707 742 potissimum,
738 690 811 729 sed
832 691 885 730 ad
903 691 1026 729 vitam
1050 705 1299 735 communem
1323 699 1510 746 spectare
1531 692 1740 749 arbitrere.

374 760 440 798 IX
472 759 533 811 (4)
572 763 657 800 Non
691 764 799 814 modo
825 765 941 800 vsuris
974 766 1118 811 apertis
1153 766 1222 802 sed
1252 776 1380 812 paene
1417 766 1568 802 natibus
1597 767 1743 812 apertis

265 832 474 870 ambulans.
1340 840 1342 842 ’
1367 843 1370 846 “
1520 878 1523 879 ⁷

303 891 306 894 Α
374 902 417 941 Χ
448 901 503 954 (5)
537 905 626 949 Cum
655 907 766 943 etiam
801 907 917 943 Thais
939 906 1148 943 Menandri
1177 907 1350 942 tunicum·
1374 902 1575 942 demissam
1604 906 1742 947 habeat

264 975 316 1010 ud
343 976 449 1011 talos.
1432 959 1434 961 Ι

266 1034 267 1037 ¹
377 1045 638 1085 Continuavit
676 1047 778 1086 haec
822 1046 900 1091 duo
932 1047 1140 1086 enuntiata
1172 1044 1414 1084 Gulielmius
1444 1043 1486 1082 in
1513 1044 1739 1089 verisimili„

260 1115 334 1153 bus
360 1116 389 1154 Ἰ
424 1124 462 1157 15
499 1116 679 1168 (Gruteri
710 1120 849 1170 Lamp.
881 1118 948 1156 III
978 1132 1017 1170 p.
1051 1115 1158 1166 269):
1198 1113 1305 1153 idem
1341 1113 1449 1166 quod
1477 1117 1649 1153 ambulas
1677 1128 1738 1154 re-.
1799 1131 1804 1134 ·

259 1187 394 1238 ponit,
424 1201 505 1226 non
535 1202 712 1239 agnosco
742 1189 1041 1229 necessitatem.
1100 1186 1256 1225 Nonius
1281 1183 1493 1236 utrobique
1519 1190 1560 1223 et
1587 1199 1626 1237 p.
1657 1191 1738 1233 286,

260 1265 304 1300 18
335 1264 375 1297 et
403 1265 492 1307 536,
522 1265 567 1301 29
604 1263 770 1298 tunicam
808 1263 1000 1298 dimissam
1040 1264 1080 1297 et
1118 1271 1157 1309 p.
1190 1264 1270 1304 550,
1300 1260 1321 1296 7
1350 1258 1489 1303 capillo
1515 1258 1668 1293 dimisso
1699 1256 1741 1294 in

259 1329 452 1385 Varronis
490 1330 580 1368 loco
610 1326 798 1382 praebet:
837 1330 1031 1369 Horatius
1063 1327 1225 1381 quidem
1254 1328 1295 1365 in
1321 1326 1466 1365 saturis
1494 1325 1516 1363 I
1545 1331 1590 1374 2,
1620 1332 1665 1367 99
1689 1328 1742 1364 ad

258 1403 355 1439 talos
379 1403 513 1438 stolam
544 1403 744 1450 demissam
769 1407 809 1439 et
830 1400 979 1439 ibidem
1005 1414 1044 1438 v.
1075 1404 1119 1440 25
1145 1398 1385 1437 Malthinum
1411 1400 1548 1435 tunicis
1571 1400 1743 1436 demissis

259 1469 466 1509 ambulare
491 1470 604 1510 dixit.
641 1472 834 1511 Varronis
862 1469 988 1510 verba
1018 1469 1069 1508 ad
1092 1468 1305 1507 Menandri
1336 1461 1528 1520 reliquias
1559 1468 1736 1521 adscrip-

259 1543 311 1580 sit
347 1541 575 1580 Meinekius
612 1556 650 1595 p.
689 1547 746 1591 74.
782 1544 871 1593 vDe
901 1542 1124 1581 tunicarum
1154 1553 1230 1579 usu
1257 1540 1308 1579 cf.
1341 1539 1581 1591 Quintiliani
1607 1539 1738 1598 XL&

260 1619 345 1654 138:
386 1614 456 1651 Cui
485 1615 555 1650 lali
588 1616 688 1651 clavi
723 1616 787 1669 ius·
812 1626 886 1652 non
914 1616 1004 1659 erit,
1038 1617 1091 1651 ita
1121 1615 1318 1662 cinyatum
1349 1617 1391 1649 ut
1421 1613 1572 1649 tunicae
1595 1611 1741 1658 priori-

257 1686 326 1722 bus
355 1687 434 1722 oris
470 1685 580 1734 infra
612 1696 738 1734 yenuu
770 1686 964 1733 paullum,
993 1685 1271 1732 posterioribus
1314 1686 1366 1721 ad
1401 1685 1541 1720 medios
1573 1682 1740 1730 poplites

257 1766 376 1803 usque
407 1758 649 1803 perveniant.
707 1768 795 1793 nam
832 1755 940 1804 infra
970 1756 1169 1792 mulierum
1198 1759 1272 1800 est,
1310 1766 1432 1802 supra
1462 1754 1737 1791 centurionum.

256 1827 487 1865 Demissam
516 1827 692 1865 tunicam
714 1825 800 1864 fere
819 1831 1089 1864 matronarum
1110 1838 1200 1863 esse
1219 1825 1412 1864 Horatius
1439 1823 1592 1862 indicat
1611 1823 1653 1861 in
1674 1835 1736 1860 sa-

256 1897 354 1935 turis
388 1897 410 1935 I
439 1903 474 1946 2,
507 1903 572 1939 94:
613 1903 811 1936 matronae
834 1895 1002 1953 praeter'
1029 1898 1171 1946 faciem
1208 1898 1263 1934 nil
1298 1907 1458 1938 eernere
1491 1897 1637 1944 possis,
1676 1905 1736 1932 ce-

256 1973 340 2004 tera
378 1998 384 2004 .
421 1998 428 2005 .
464 1970 628 2007 demissa
664 1974 763 2007 veste
802 1973 971 2019 teyentis.
1032 1967 1134 2006 Inde
1176 1965 1436 2006 mirabundus
1473 1967 1609 2005 nescio
1648 1967 1736 2018 quis

256 2037 365 2089 apud
396 2034 609 2077 Afranium
642 2039 764 2091 (Non.
795 2055 835 2092 p.
864 2046 945 2087 541,
978 2046 1036 2087 10,
1062 2053 1102 2090 p-
1135 2045 1201 2079 155
1222 2031 1463 2088 Ribbeckii)
1496 2037 1736 2094 interrogat:

455 2109 648 2153 Meretrix
676 2124 762 2149 cum
792 2116 891 2149 vesle
921 2111 1059 2159 lo'nya?
1087 2131 1143 2136 ——
1167 2109 1378 2156 Per-cyrino
1403 2107 1442 2145 in
1468 2111 1548 2146 loco

458 2181 587 2219 Sole'nt
616 2185 766 2220 tutandi
793 2183 913 2220 causa
943 2191 1025 2217 sese
1055 2181 1218 2217 sumere.

366 2251 510 2304 Itaque
534 2264 641 2291 nunc
661 2253 703 2290 in
723 2252 802 2291 fine
824 2251 942 2290 huius
963 2255 1123 2308 saturae
1145 2247 1331 2288 adscribo
1351 2248 1452 2287 illud
1471 2248 1579 2288 unde
1601 2251 1735 2290 exorsi

254 2335 391 2359 sumus
423 2323 712 2373 fragmentum:
852 2307 861 2315 Ω

364 2392 429 2431 ΧΙ
467 2391 545 2445 (11)
582 2395 718 2430 Funus
741 2395 959 2441 exsequiati
982 2395 1089 2431 >laute
1118 2396 1169 2431 ad
1197 2395 1417 2441 sepulcrum
1450 2395 1604 2442 antiquo
1632 2403 1737 2431 more

250 2466 482 2501 silicernium
510 2464 755 2511 confecimus,
787 2466 827 2500 id
854 2469 910 2500 est
940 2461 1211 2514 περίδειπνον,
1241 2477 1315 2512 quo
1338 2467 1479 2512 pransi
1505 2466 1739 2502 discedentes

251 2537 410 2572 dicimus
440 2538 540 2573 alius.
564 2537 650 2572 alii:
686 2534 814 2574 ‘valef
1131 2519 1136 2524 ⁵

364 2608 596 2655 Exsequiati
615 2605 759 2656 scripsi
781 2617 870 2642 cum
880 2598 1069 2655 ’antiquis
1097 2604 1361 2644 editionibus:
1389 2609 1624 2656 exsequialis
1643 2605 1735 2646 libri

250 2690 289 2727 p.
318 2681 449 2730 48².8²
482 2676 591 2728 quod
616 2675 794 2715 Oehlero
821 2675 986 2727 placuit.
1026 2678 1128 2713 laute
1156 2675 1285 2727 Lipsii
1304 2682 1386 2715 est:
1415 2677 1456 2715 in
1474 2676 1587 2719 libris
1600 2678 1732 2730 laude.

250 2747 314 2784 De
345 2746 547 2784 silicernio
578 2747 630 2786 cf.
657 2748 804 2785 Festus
826 2753 958 2797 p.·294
976 2747 1032 2786 M.
1071 2746 1121 2785 O.
1142 2738 1291 2785 Iahnii
1319 2760 1460 2786 comm.
1487 2748 1529 2784 in
1546 2745 1731 2784 Persium

249 2829 289 2867 p.
319 2822 399 2857 219.
