<?xml version="1.0" encoding="UTF-8"?>
<!DOCTYPE html PUBLIC "-//W3C//DTD XHTML 1.0 Transitional//EN"
    "http://www.w3.org/TR/xhtml1/DTD/xhtml1-transitional.dtd">
<html xmlns="http://www.w3.org/1999/xhtml" xml:lang="en" lang="en">
 <head>
  <title>
</title>
<meta http-equiv="Content-Type" content="text/html;charset=utf-8" />
  <meta name='ocr-system' content='tesseract 3.04.00' />
  <meta name='ocr-capabilities' content='ocr_page ocr_carea ocr_par ocr_line ocrx_word'/>
</head>
<body>
  <div class='ocr_page' id='page_1' title='image "./inmterentivarron00vahluoft/inmterentivarron00vahluoft_0189.png"; bbox 0 0 1898 3236; ppageno 0'>
   <div class='ocr_carea' id='block_1_1' title="bbox 769 258 1690 302">
    <p class='ocr_par' dir='ltr' id='par_1_1' title="bbox 769 258 1690 302">
     <span class='ocr_line' id='line_1_1' title="bbox 769 258 1690 302; baseline -0.003 0"><span class='ocrx_word' id='word_1_1' title='bbox 769 269 1112 302; x_wconf 66' lang='lat' dir='ltr'><em>comnc‘rfflm.</em></span> <span class='ocrx_word' id='word_1_2' title='bbox 1252 272 1255 274; x_wconf 89' lang='lat'>·</span> <span class='ocrx_word' id='word_1_3' title='bbox 1607 258 1627 298; x_wconf 82' lang='lat'>1</span> <span class='ocrx_word' id='word_1_4' title='bbox 1637 258 1690 299; x_wconf 84' lang='grc'><em>79</em></span> 
     </span>
    </p>
   </div>
   <div class='ocr_carea' id='block_1_2' title="bbox 163 373 1692 2918">
    <p class='ocr_par' dir='ltr' id='par_1_2' title="bbox 315 373 1643 429">
     <span class='ocr_line' id='line_1_2' title="bbox 315 373 1643 429; baseline -0.008 -11"><span class='ocrx_word' id='word_1_5' title='bbox 315 379 424 418; x_wconf 90' lang='lat' dir='ltr'>XIII</span> <span class='ocrx_word' id='word_1_6' title='bbox 455 376 534 429; x_wconf 87' lang='lat'>(17)</span> <span class='ocrx_word' id='word_1_7' title='bbox 566 380 610 416; x_wconf 83' lang='grc' dir='ltr'><em>Α.</em></span> <span class='ocrx_word' id='word_1_8' title='bbox 642 378 805 425; x_wconf 79' lang='lat' dir='ltr'><strong><em>Hospes,</em></strong></span> <span class='ocrx_word' id='word_1_9' title='bbox 834 379 927 425; x_wconf 82' lang='lat' dir='ltr'><em>quid</em></span> <span class='ocrx_word' id='word_1_10' title='bbox 950 379 1069 413; x_wconf 76' lang='lat' dir='ltr'><em>miras</em></span> <span class='ocrx_word' id='word_1_11' title='bbox 1096 376 1242 412; x_wconf 78' lang='lat' dir='ltr'><em>animos</em></span> <span class='ocrx_word' id='word_1_12' title='bbox 1269 384 1413 411; x_wconf 87' lang='lat' dir='ltr'><em>curare</em></span> <span class='ocrx_word' id='word_1_13' title='bbox 1439 373 1643 421; x_wconf 77' lang='lat' dir='ltr'><strong><em>Serapim?</em></strong></span> 
     </span>
    </p>

    <p class='ocr_par' dir='ltr' id='par_1_3' title="bbox 163 445 1692 2918">
     <span class='ocr_line' id='line_1_3' title="bbox 566 445 1687 496; baseline -0.004 -10"><span class='ocrx_word' id='word_1_14' title='bbox 566 451 613 486; x_wconf 89' lang='lat' dir='ltr'><em>B.</em></span> <span class='ocrx_word' id='word_1_15' title='bbox 647 449 769 494; x_wconf 83' lang='lat' dir='ltr'><em>Quid?</em></span> <span class='ocrx_word' id='word_1_16' title='bbox 805 449 919 496; x_wconf 80' lang='lat' dir='ltr'><strong><em>quasi</em></strong></span> <span class='ocrx_word' id='word_1_17' title='bbox 945 459 1020 485; x_wconf 84' lang='lat' dir='ltr'><em>non</em></span> <span class='ocrx_word' id='word_1_18' title='bbox 1042 449 1152 483; x_wconf 80' lang='lat' dir='ltr'><em>curel</em></span> <span class='ocrx_word' id='word_1_19' title='bbox 1179 446 1359 482; x_wconf 77' lang='lat' dir='ltr'><em>tantidem</em></span> <span class='ocrx_word' id='word_1_20' title='bbox 1386 445 1600 483; x_wconf 78' lang='lat' dir='ltr'><em>Aristotelis</em></span> <span class='ocrx_word' id='word_1_21' title='bbox 1620 446 1687 482; x_wconf 80' lang='lat' dir='ltr'><em>vis.</em></span> 
     </span>
     <span class='ocr_line' id='line_1_4' title="bbox 199 500 1690 574; baseline -0.006 -13"><span class='ocrx_word' id='word_1_22' title='bbox 199 523 268 561; x_wconf 82' lang='lat' dir='ltr'><em>Fr.</em></span> <span class='ocrx_word' id='word_1_23' title='bbox 298 521 342 561; x_wconf 93' lang='lat' dir='ltr'>X</span> <span class='ocrx_word' id='word_1_24' title='bbox 381 533 460 574; x_wconf 87' lang='lat' dir='ltr'><em>quo</em></span> <span class='ocrx_word' id='word_1_25' title='bbox 492 520 763 558; x_wconf 87' lang='lat' dir='ltr'><em>illustraretur</em></span> <span class='ocrx_word' id='word_1_26' title='bbox 787 517 972 570; x_wconf 85' lang='lat' dir='ltr'><em>apposite</em></span> <span class='ocrx_word' id='word_1_27' title='bbox 1002 516 1205 557; x_wconf 81' lang='lat' dir='ltr'><em>oehlerus</em></span> <span class='ocrx_word' id='word_1_28' title='bbox 1236 514 1446 555; x_wconf 82' lang='lat' dir='ltr'>Ciceronis</span> <span class='ocrx_word' id='word_1_29' title='bbox 1464 500 1608 554; x_wconf 33' lang='lat' dir='ltr'><em>*locum</em></span> <span class='ocrx_word' id='word_1_30' title='bbox 1639 513 1690 552; x_wconf 89' lang='lat' dir='ltr'><em>de</em></span> 
     </span>
     <span class='ocr_line' id='line_1_5' title="bbox 203 588 1690 640; baseline -0.005 -8"><span class='ocrx_word' id='word_1_31' title='bbox 203 593 453 632; x_wconf 81' lang='lat' dir='ltr'>divinatione</span> <span class='ocrx_word' id='word_1_32' title='bbox 485 590 530 629; x_wconf 95' lang='lat' dir='ltr'><em>II</em></span> <span class='ocrx_word' id='word_1_33' title='bbox 555 596 612 640; x_wconf 89' lang='lat'><em>59,</em></span> <span class='ocrx_word' id='word_1_34' title='bbox 643 595 712 630; x_wconf 77' lang='lat'><em>123</em></span> <span class='ocrx_word' id='word_1_35' title='bbox 739 588 894 628; x_wconf 87' lang='lat' dir='ltr'><em>attulit:</em></span> <span class='ocrx_word' id='word_1_36' title='bbox 938 589 1012 634; x_wconf 68' lang='lat' dir='ltr'><em>Qua·</em></span> <span class='ocrx_word' id='word_1_37' title='bbox 1035 589 1152 636; x_wconf 71' lang='lat' dir='ltr'><em>iqitur</em></span> <span class='ocrx_word' id='word_1_38' title='bbox 1181 588 1356 626; x_wconf 71' lang='lat' dir='ltr'><em>convenit</em></span> <span class='ocrx_word' id='word_1_39' title='bbox 1384 599 1523 639; x_wconf 70' lang='lat' dir='ltr'><em>aeqros</em></span> <span class='ocrx_word' id='word_1_40' title='bbox 1551 600 1575 624; x_wconf 89' lang='lat' dir='ltr'><em>a</em></span> <span class='ocrx_word' id='word_1_41' title='bbox 1601 599 1690 625; x_wconf 86' lang='lat' dir='ltr'><em>con-</em></span> 
     </span>
     <span class='ocr_line' id='line_1_6' title="bbox 198 658 1692 710; baseline -0.006 -7"><span class='ocrx_word' id='word_1_42' title='bbox 198 664 339 703; x_wconf 77' lang='lat' dir='ltr'><em>iectore</em></span> <span class='ocrx_word' id='word_1_43' title='bbox 371 664 602 702; x_wconf 82' lang='lat' dir='ltr'><em>somniorum</em></span> <span class='ocrx_word' id='word_1_44' title='bbox 630 664 763 710; x_wconf 79' lang='lat' dir='ltr'><em>potius</em></span> <span class='ocrx_word' id='word_1_45' title='bbox 793 672 908 709; x_wconf 81' lang='lat' dir='ltr'><em>quum</em></span> <span class='ocrx_word' id='word_1_46' title='bbox 939 673 962 696; x_wconf 88' lang='lat' dir='ltr'><em>a</em></span> <span class='ocrx_word' id='word_1_47' title='bbox 995 661 1138 697; x_wconf 76' lang='lat' dir='ltr'><em>medico</em></span> <span class='ocrx_word' id='word_1_48' title='bbox 1170 665 1303 707; x_wconf 85' lang='lat' dir='ltr'><em>petere</em></span> <span class='ocrx_word' id='word_1_49' title='bbox 1332 658 1583 697; x_wconf 74' lang='lat' dir='ltr'><em>medicinam?</em></span> <span class='ocrx_word' id='word_1_50' title='bbox 1632 659 1692 695; x_wconf 89' lang='lat' dir='ltr'><em>An</em></span> 
     </span>
     <span class='ocr_line' id='line_1_7' title="bbox 201 716 1690 783; baseline -0.004 -11"><span class='ocrx_word' id='word_1_51' title='bbox 201 716 453 782; x_wconf 80' lang='lat' dir='ltr'><em>Aesculapius</em></span> <span class='ocrx_word' id='word_1_52' title='bbox 481 747 531 771; x_wconf 89' lang='lat' dir='ltr'><em>an</em></span> <span class='ocrx_word' id='word_1_53' title='bbox 563 735 723 783; x_wconf 80' lang='lat' dir='ltr'><em>Serapis</em></span> <span class='ocrx_word' id='word_1_54' title='bbox 747 737 871 781; x_wconf 79' lang='lat' dir='ltr'><em>potest</em></span> <span class='ocrx_word' id='word_1_55' title='bbox 901 732 1006 768; x_wconf 83' lang='lat' dir='ltr'><em>nobis</em></span> <span class='ocrx_word' id='word_1_56' title='bbox 1024 733 1295 777; x_wconf 76' lang='lat' dir='ltr'><em>praescribere</em></span> <span class='ocrx_word' id='word_1_57' title='bbox 1320 743 1396 779; x_wconf 89' lang='lat' dir='ltr'><em>per</em></span> <span class='ocrx_word' id='word_1_58' title='bbox 1416 732 1602 768; x_wconf 83' lang='lat' dir='ltr'><em>somnium</em></span> <span class='ocrx_word' id='word_1_59' title='bbox 1623 741 1690 767; x_wconf 82' lang='lat' dir='ltr'><em>cu-</em></span> 
     </span>
     <span class='ocr_line' id='line_1_8' title="bbox 199 800 1691 857; baseline -0.003 -13"><span class='ocrx_word' id='word_1_60' title='bbox 199 809 384 844; x_wconf 76' lang='lat' dir='ltr'><em>rationem</em></span> <span class='ocrx_word' id='word_1_61' title='bbox 405 808 642 851; x_wconf 75' lang='lat' dir='ltr'><em>valetudinis,</em></span> <span class='ocrx_word' id='word_1_62' title='bbox 674 806 875 853; x_wconf 76' lang='lat' dir='ltr'><em>Neptunus</em></span> <span class='ocrx_word' id='word_1_63' title='bbox 897 803 1198 857; x_wconf 72' lang='lat' dir='ltr'><em>qubernanlibus</em></span> <span class='ocrx_word' id='word_1_64' title='bbox 1216 815 1292 840; x_wconf 85' lang='lat' dir='ltr'><em>non</em></span> <span class='ocrx_word' id='word_1_65' title='bbox 1306 807 1460 850; x_wconf 77' lang='lat' dir='ltr'><em>potest?</em></span> <span class='ocrx_word' id='word_1_66' title='bbox 1500 800 1691 840; x_wconf 81' lang='lat' dir='ltr'><em>Ceterum</em></span> 
     </span>
     <span class='ocr_line' id='line_1_9' title="bbox 199 872 1690 929; baseline -0.003 -13"><span class='ocrx_word' id='word_1_67' title='bbox 199 877 295 916; x_wconf 85' lang='lat' dir='ltr'><em>vide</em></span> <span class='ocrx_word' id='word_1_68' title='bbox 322 890 421 929; x_wconf 88' lang='lat' dir='ltr'><em>quos</em></span> <span class='ocrx_word' id='word_1_69' title='bbox 447 890 569 929; x_wconf 84' lang='lat' dir='ltr'><em>supra</em></span> <span class='ocrx_word' id='word_1_70' title='bbox 596 889 637 928; x_wconf 90' lang='lat' dir='ltr'><em>p.</em></span> <span class='ocrx_word' id='word_1_71' title='bbox 664 881 728 917; x_wconf 88' lang='lat'><em>171</em></span> <span class='ocrx_word' id='word_1_72' title='bbox 759 874 811 914; x_wconf 87' lang='lat' dir='ltr'><em>de</em></span> <span class='ocrx_word' id='word_1_73' title='bbox 841 872 986 912; x_wconf 83' lang='lat' dir='ltr'><em>eadem</em></span> <span class='ocrx_word' id='word_1_74' title='bbox 1014 885 1060 912; x_wconf 83' lang='lat' dir='ltr'><em>re</em></span> <span class='ocrx_word' id='word_1_75' title='bbox 1086 872 1255 914; x_wconf 85' lang='lat' dir='ltr'><em>laudavi</em></span> <span class='ocrx_word' id='word_1_76' title='bbox 1281 874 1419 914; x_wconf 87' lang='lat' dir='ltr'><em>libros.</em></span> <span class='ocrx_word' id='word_1_77' title='bbox 1489 875 1599 912; x_wconf 82' lang='lat' dir='ltr'><em>Vesci</em></span> <span class='ocrx_word' id='word_1_78' title='bbox 1624 886 1690 912; x_wconf 89' lang='lat' dir='ltr'><em>cu—</em></span> 
     </span>
     <span class='ocr_line' id='line_1_10' title="bbox 200 944 1688 1006; baseline -0.002 -18"><span class='ocrx_word' id='word_1_79' title='bbox 200 951 342 988; x_wconf 79' lang='lat' dir='ltr'><em>minum</em></span> <span class='ocrx_word' id='word_1_80' title='bbox 380 949 557 988; x_wconf 82' lang='lat' dir='ltr'><em>correxit</em></span> <span class='ocrx_word' id='word_1_81' title='bbox 591 947 754 987; x_wconf 89' lang='lat' dir='ltr'><em>Iunius:</em></span> <span class='ocrx_word' id='word_1_82' title='bbox 799 946 1041 1006; x_wconf 76' lang='lat' dir='ltr'><em>[essiminum</em></span> <span class='ocrx_word' id='word_1_83' title='bbox 1075 945 1239 985; x_wconf 88' lang='lat' dir='ltr'><em>codices</em></span> <span class='ocrx_word' id='word_1_84' title='bbox 1277 944 1402 984; x_wconf 85' lang='lat' dir='ltr'><em>Nonii</em></span> <span class='ocrx_word' id='word_1_85' title='bbox 1440 957 1480 996; x_wconf 90' lang='lat' dir='ltr'><em>p.</em></span> <span class='ocrx_word' id='word_1_86' title='bbox 1511 949 1599 994; x_wconf 82' lang='lat'><em>201,</em></span> <span class='ocrx_word' id='word_1_87' title='bbox 1632 951 1688 985; x_wconf 89' lang='lat'><em>10.</em></span> 
     </span>
     <span class='ocr_line' id='line_1_11' title="bbox 199 1015 1689 1071; baseline -0.004 -12"><span class='ocrx_word' id='word_1_88' title='bbox 199 1019 267 1059; x_wconf 79' lang='lat' dir='ltr'><em>Fr,</em></span> <span class='ocrx_word' id='word_1_89' title='bbox 292 1019 358 1059; x_wconf 90' lang='lat' dir='ltr'><em>XI</em></span> <span class='ocrx_word' id='word_1_90' title='bbox 387 1022 510 1069; x_wconf 80' lang='lat' dir='ltr'><em>inquit</em></span> <span class='ocrx_word' id='word_1_91' title='bbox 538 1033 595 1059; x_wconf 88' lang='lat' dir='ltr'><em>sc.</em></span> <span class='ocrx_word' id='word_1_92' title='bbox 629 1018 730 1058; x_wconf 89' lang='lat' dir='ltr'><em>deus</em></span> <span class='ocrx_word' id='word_1_93' title='bbox 759 1031 833 1071; x_wconf 88' lang='lat' dir='ltr'><em>per</em></span> <span class='ocrx_word' id='word_1_94' title='bbox 856 1017 1050 1056; x_wconf 81' lang='lat' dir='ltr'><em>somnium</em></span> <span class='ocrx_word' id='word_1_95' title='bbox 1080 1018 1203 1058; x_wconf 85' lang='lat' dir='ltr'><em>visus.</em></span> <span class='ocrx_word' id='word_1_96' title='bbox 1261 1017 1343 1056; x_wconf 89' lang='lat' dir='ltr'><em>Pro</em></span> <span class='ocrx_word' id='word_1_97' title='bbox 1373 1017 1560 1055; x_wconf 84' lang='lat' dir='ltr'><em>noluerim</em></span> <span class='ocrx_word' id='word_1_98' title='bbox 1582 1015 1689 1054; x_wconf 88' lang='lat' dir='ltr'><em>Mer-</em></span> 
     </span>
     <span class='ocr_line' id='line_1_12' title="bbox 202 1085 1687 1138; baseline -0.005 -8"><span class='ocrx_word' id='word_1_99' title='bbox 202 1105 317 1132; x_wconf 86' lang='lat' dir='ltr'><em>cerus</em></span> <span class='ocrx_word' id='word_1_100' title='bbox 361 1093 531 1130; x_wconf 86' lang='lat' dir='ltr'><em>nolueris</em></span> <span class='ocrx_word' id='word_1_101' title='bbox 568 1090 766 1138; x_wconf 83' lang='lat' dir='ltr'><em>malebat,</em></span> <span class='ocrx_word' id='word_1_102' title='bbox 817 1091 953 1128; x_wconf 76' lang='lat' dir='ltr'><em>‘recte</em></span> <span class='ocrx_word' id='word_1_103' title='bbox 992 1088 1188 1129; x_wconf 87' lang='lat' dir='ltr'><em>fortasse&#39;</em></span> <span class='ocrx_word' id='word_1_104' title='bbox 1225 1096 1270 1128; x_wconf 88' lang='lat' dir='ltr'><em>ut</em></span> <span class='ocrx_word' id='word_1_105' title='bbox 1310 1087 1434 1128; x_wconf 78' lang='lat' dir='ltr'>sentit</span> <span class='ocrx_word' id='word_1_106' title='bbox 1473 1085 1687 1137; x_wconf 84' lang='lat' dir='ltr'><em>Oehlerus.</em></span> 
     </span>
     <span class='ocr_line' id='line_1_13' title="bbox 201 1159 1688 1212; baseline -0.005 -10"><span class='ocrx_word' id='word_1_107' title='bbox 201 1161 354 1202; x_wconf 89' lang='lat' dir='ltr'><em>Videor</em></span> <span class='ocrx_word' id='word_1_108' title='bbox 381 1161 480 1200; x_wconf 90' lang='lat' dir='ltr'><em>mihi</em></span> <span class='ocrx_word' id='word_1_109' title='bbox 501 1164 687 1200; x_wconf 84' lang='lat' dir='ltr'><em>noluerim</em></span> <span class='ocrx_word' id='word_1_110' title='bbox 708 1159 920 1199; x_wconf 84' lang='lat' dir='ltr'><em>vindicare</em></span> <span class='ocrx_word' id='word_1_111' title='bbox 942 1173 1085 1212; x_wconf 86' lang='lat' dir='ltr'><em>posse:</em></span> <span class='ocrx_word' id='word_1_112' title='bbox 1109 1174 1189 1200; x_wconf 90' lang='lat' dir='ltr'><em>nec</em></span> <span class='ocrx_word' id='word_1_113' title='bbox 1213 1160 1322 1200; x_wconf 90' lang='lat' dir='ltr'><em>enim</em></span> <span class='ocrx_word' id='word_1_114' title='bbox 1341 1166 1409 1209; x_wconf 80' lang='lat' dir='ltr'><em>qui</em></span> <span class='ocrx_word' id='word_1_115' title='bbox 1442 1182 1468 1186; x_wconf 93' lang='lat'><strong>—</strong></span> <span class='ocrx_word' id='word_1_116' title='bbox 1503 1161 1688 1197; x_wconf 78' lang='lat' dir='ltr'><em>noluerim</em></span> 
     </span>
     <span class='ocr_line' id='line_1_14' title="bbox 203 1216 1687 1284; baseline -0.003 -12"><span class='ocrx_word' id='word_1_117' title='bbox 203 1232 529 1284; x_wconf 88' lang='lat' dir='ltr'><em>coniungendum</em></span> <span class='ocrx_word' id='word_1_118' title='bbox 557 1246 646 1271; x_wconf 89' lang='lat' dir='ltr'><em>cum</em></span> <span class='ocrx_word' id='word_1_119' title='bbox 672 1235 813 1278; x_wconf 76' lang='lat' dir='ltr'><em>habeo,</em></span> <span class='ocrx_word' id='word_1_120' title='bbox 851 1231 924 1272; x_wconf 90' lang='lat' dir='ltr'><em>sed</em></span> <span class='ocrx_word' id='word_1_121' title='bbox 956 1216 1046 1271; x_wconf 89' lang='lat' dir='ltr'><em>cum</em></span> <span class='ocrx_word' id='word_1_122' title='bbox 1073 1233 1155 1271; x_wconf 89' lang='lat' dir='ltr'><em>illis</em></span> <span class='ocrx_word' id='word_1_123' title='bbox 1183 1234 1230 1269; x_wconf 81' lang='lat' dir='ltr'><em>de</em></span> <span class='ocrx_word' id='word_1_124' title='bbox 1259 1237 1296 1269; x_wconf 78' lang='lat' dir='ltr'><em>te</em></span> <span class='ocrx_word' id='word_1_125' title='bbox 1322 1230 1399 1269; x_wconf 91' lang='lat' dir='ltr'><em>hoc</em></span> <span class='ocrx_word' id='word_1_126' title='bbox 1430 1230 1518 1270; x_wconf 89' lang='lat' dir='ltr'><em>fere</em></span> <span class='ocrx_word' id='word_1_127' title='bbox 1547 1229 1687 1269; x_wconf 90' lang='lat' dir='ltr'><em>modo:</em></span> 
     </span>
     <span class='ocr_line' id='line_1_15' title="bbox 199 1303 1687 1352; baseline -0.003 -10"><span class='ocrx_word' id='word_1_128' title='bbox 199 1316 302 1342; x_wconf 85' lang='lat' dir='ltr'><em>nunc</em></span> <span class='ocrx_word' id='word_1_129' title='bbox 330 1307 377 1342; x_wconf 84' lang='lat' dir='ltr'><em>de</em></span> <span class='ocrx_word' id='word_1_130' title='bbox 401 1310 435 1342; x_wconf 86' lang='lat' dir='ltr'><em>te</em></span> <span class='ocrx_word' id='word_1_131' title='bbox 466 1307 725 1342; x_wconf 80' lang='lat' dir='ltr'><em>meliusculam</em></span> <span class='ocrx_word' id='word_1_132' title='bbox 753 1315 860 1352; x_wconf 77' lang='lat' dir='ltr'><em>spem</em></span> <span class='ocrx_word' id='word_1_133' title='bbox 886 1305 1006 1342; x_wconf 79' lang='lat' dir='ltr'><em>habeo</em></span> <span class='ocrx_word' id='word_1_134' title='bbox 1036 1307 1127 1343; x_wconf 82' lang='lat' dir='ltr'><em>dicit</em></span> <span class='ocrx_word' id='word_1_135' title='bbox 1155 1306 1202 1342; x_wconf 83' lang='lat' dir='ltr'><em>de</em></span> <span class='ocrx_word' id='word_1_136' title='bbox 1231 1315 1301 1349; x_wconf 88' lang='lat' dir='ltr'><em>me,</em></span> <span class='ocrx_word' id='word_1_137' title='bbox 1329 1304 1397 1351; x_wconf 78' lang='lat' dir='ltr'><em>qui</em></span> <span class='ocrx_word' id='word_1_138' title='bbox 1426 1303 1583 1351; x_wconf 79' lang='lat' dir='ltr'><em>(quippe</em></span> <span class='ocrx_word' id='word_1_139' title='bbox 1607 1304 1687 1350; x_wconf 83' lang='lat' dir='ltr'><em>qui)</em></span> 
     </span>
     <span class='ocr_line' id='line_1_16' title="bbox 199 1359 1688 1427; baseline -0.003 -13"><span class='ocrx_word' id='word_1_140' title='bbox 199 1379 487 1424; x_wconf 73' lang='lat' dir='ltr'><em>spurczssimam</em></span> <span class='ocrx_word' id='word_1_141' title='bbox 516 1382 596 1414; x_wconf 84' lang='lat' dir='ltr'><em>rem</em></span> <span class='ocrx_word' id='word_1_142' title='bbox 626 1380 784 1424; x_wconf 63' lang='lat' dir='ltr'><em>‚qustare</em></span> <span class='ocrx_word' id='word_1_143' title='bbox 814 1359 1022 1418; x_wconf 80' lang='lat' dir='ltr'><em>noluerim;</em></span> <span class='ocrx_word' id='word_1_144' title='bbox 1059 1388 1208 1427; x_wconf 81' lang='lat' dir='ltr'><em>nempe</em></span> <span class='ocrx_word' id='word_1_145' title='bbox 1239 1387 1364 1414; x_wconf 85' lang='lat' dir='ltr'><em>causa</em></span> <span class='ocrx_word' id='word_1_146' title='bbox 1393 1373 1481 1425; x_wconf 88' lang='lat' dir='ltr'><em>spei</em></span> <span class='ocrx_word' id='word_1_147' title='bbox 1510 1371 1688 1414; x_wconf 85' lang='lat' dir='ltr'><em>melioris</em></span> 
     </span>
     <span class='ocr_line' id='line_1_17' title="bbox 199 1443 1688 1502; baseline -0.003 -17"><span class='ocrx_word' id='word_1_148' title='bbox 199 1461 282 1485; x_wconf 91' lang='lat' dir='ltr'><em>non</em></span> <span class='ocrx_word' id='word_1_149' title='bbox 307 1459 332 1485; x_wconf 85' lang='lat' dir='ltr'><em>a</em></span> <span class='ocrx_word' id='word_1_150' title='bbox 361 1446 461 1496; x_wconf 87' lang='lat' dir='ltr'><em>deo,</em></span> <span class='ocrx_word' id='word_1_151' title='bbox 490 1447 605 1486; x_wconf 89' lang='lat' dir='ltr'><em>cuius</em></span> <span class='ocrx_word' id='word_1_152' title='bbox 633 1446 760 1485; x_wconf 89' lang='lat' dir='ltr'><em>verba</em></span> <span class='ocrx_word' id='word_1_153' title='bbox 786 1446 1032 1502; x_wconf 85' lang='lat' dir='ltr'><em>referuntur,</em></span> <span class='ocrx_word' id='word_1_154' title='bbox 1063 1446 1138 1486; x_wconf 86' lang='lat' dir='ltr'><em>sed</em></span> <span class='ocrx_word' id='word_1_155' title='bbox 1168 1446 1220 1485; x_wconf 87' lang='lat' dir='ltr'><em>ab</em></span> <span class='ocrx_word' id='word_1_156' title='bbox 1249 1459 1311 1494; x_wconf 92' lang='lat' dir='ltr'><em>eo,</em></span> <span class='ocrx_word' id='word_1_157' title='bbox 1338 1445 1420 1498; x_wconf 71' lang='lat' dir='ltr'><em>qui·</em></span> <span class='ocrx_word' id='word_1_158' title='bbox 1440 1443 1492 1482; x_wconf 86' lang='lat' dir='ltr'><em>de</em></span> <span class='ocrx_word' id='word_1_159' title='bbox 1520 1456 1564 1482; x_wconf 90' lang='lat' dir='ltr'><em>se</em></span> <span class='ocrx_word' id='word_1_160' title='bbox 1595 1456 1688 1481; x_wconf 86' lang='lat' dir='ltr'><em>sua-</em></span> 
     </span>
     <span class='ocr_line' id='line_1_18' title="bbox 201 1513 1688 1571; baseline -0.004 -14"><span class='ocrx_word' id='word_1_161' title='bbox 201 1523 292 1571; x_wconf 54' lang='lat' dir='ltr'><em>que*</em></span> <span class='ocrx_word' id='word_1_162' title='bbox 310 1519 520 1558; x_wconf 80' lang='lat' dir='ltr'><em>curatione</em></span> <span class='ocrx_word' id='word_1_163' title='bbox 550 1523 706 1567; x_wconf 86' lang='lat' dir='ltr'><em>narrat,</em></span> <span class='ocrx_word' id='word_1_164' title='bbox 745 1517 947 1558; x_wconf 84' lang='lat' dir='ltr'><em>adiicitur.</em></span> <span class='ocrx_word' id='word_1_165' title='bbox 1005 1519 1076 1557; x_wconf 83' lang='lat' dir='ltr'><em>Fr.</em></span> <span class='ocrx_word' id='word_1_166' title='bbox 1109 1517 1196 1556; x_wconf 91' lang='lat' dir='ltr'><em>XII</em></span> <span class='ocrx_word' id='word_1_167' title='bbox 1227 1516 1348 1556; x_wconf 91' lang='lat' dir='ltr'><em>etiam</em></span> <span class='ocrx_word' id='word_1_168' title='bbox 1376 1528 1449 1566; x_wconf 85' lang='lat' dir='ltr'><em>per</em></span> <span class='ocrx_word' id='word_1_169' title='bbox 1476 1513 1688 1565; x_wconf 85' lang='lat' dir='ltr'><em>abruptam</em></span> 
     </span>
     <span class='ocr_line' id='line_1_19' title="bbox 200 1585 1688 1641; baseline -0.003 -14"><span class='ocrx_word' id='word_1_170' title='bbox 200 1590 443 1628; x_wconf 87' lang='lat' dir='ltr'><em>sententiam</em></span> <span class='ocrx_word' id='word_1_171' title='bbox 471 1589 699 1641; x_wconf 85' lang='lat' dir='ltr'><em>dispicitur,</em></span> <span class='ocrx_word' id='word_1_172' title='bbox 737 1590 930 1640; x_wconf 80' lang='lat' dir='ltr'><em>castigari</em></span> <span class='ocrx_word' id='word_1_173' title='bbox 961 1588 1215 1628; x_wconf 80' lang='lat' dir='ltr'><em>sacerdotum</em></span> <span class='ocrx_word' id='word_1_174' title='bbox 1246 1585 1457 1638; x_wconf 79' lang='lat' dir='ltr'><em>Serapidis</em></span> <span class='ocrx_word' id='word_1_175' title='bbox 1483 1585 1688 1623; x_wconf 84' lang='lat' dir='ltr'><em>fallaciam</em></span> 
     </span>
     <span class='ocr_line' id='line_1_20' title="bbox 202 1656 1687 1714; baseline -0.002 -17"><span class='ocrx_word' id='word_1_176' title='bbox 202 1664 243 1698; x_wconf 90' lang='lat' dir='ltr'><em>et</em></span> <span class='ocrx_word' id='word_1_177' title='bbox 270 1659 504 1710; x_wconf 85' lang='lat' dir='ltr'><em>avaritiam,</em></span> <span class='ocrx_word' id='word_1_178' title='bbox 544 1659 614 1712; x_wconf 86' lang='lat' dir='ltr'><em>qui</em></span> <span class='ocrx_word' id='word_1_179' title='bbox 641 1659 829 1700; x_wconf 89' lang='lat' dir='ltr'><em>credulos</em></span> <span class='ocrx_word' id='word_1_180' title='bbox 859 1661 977 1710; x_wconf 89' lang='lat' dir='ltr'><em>istos,</em></span> <span class='ocrx_word' id='word_1_181' title='bbox 1014 1661 1086 1714; x_wconf 85' lang='lat' dir='ltr'><em>qui</em></span> <span class='ocrx_word' id='word_1_182' title='bbox 1113 1673 1157 1699; x_wconf 92' lang='lat' dir='ltr'><em>se</em></span> <span class='ocrx_word' id='word_1_183' title='bbox 1191 1658 1322 1698; x_wconf 83' lang='lat' dir='ltr'><em>curari</em></span> <span class='ocrx_word' id='word_1_184' title='bbox 1350 1671 1375 1696; x_wconf 90' lang='lat' dir='ltr'><em>a</em></span> <span class='ocrx_word' id='word_1_185' title='bbox 1405 1656 1482 1696; x_wconf 89' lang='lat' dir='ltr'><em>deo</em></span> <span class='ocrx_word' id='word_1_186' title='bbox 1511 1657 1687 1708; x_wconf 89' lang='lat' dir='ltr'><em>cupiant,</em></span> 
     </span>
     <span class='ocr_line' id='line_1_21' title="bbox 163 1726 1689 1784; baseline -0.003 -16"><span class='ocrx_word' id='word_1_187' title='bbox 163 1737 167 1740; x_wconf 83' lang='grc'><em>”</em></span> <span class='ocrx_word' id='word_1_188' title='bbox 199 1730 371 1769; x_wconf 86' lang='lat' dir='ltr'><em>nummis</em></span> <span class='ocrx_word' id='word_1_189' title='bbox 415 1729 595 1769; x_wconf 84' lang='lat' dir='ltr'><em>eludant.</em></span> <span class='ocrx_word' id='word_1_190' title='bbox 651 1738 816 1781; x_wconf 75' lang='lat' dir='ltr'><em>preeunt</em></span> <span class='ocrx_word' id='word_1_191' title='bbox 856 1735 943 1775; x_wconf 51' lang='lat' dir='ltr'><em>sel,</em></span> <span class='ocrx_word' id='word_1_192' title='bbox 965 1733 1035 1784; x_wconf 89' lang='lat' dir='ltr'><em>qui</em></span> <span class='ocrx_word' id='word_1_193' title='bbox 1073 1746 1117 1771; x_wconf 89' lang='lat' dir='ltr'><em>se</em></span> <span class='ocrx_word' id='word_1_194' title='bbox 1154 1731 1291 1771; x_wconf 89' lang='lat' dir='ltr'><em>sanari</em></span> <span class='ocrx_word' id='word_1_195' title='bbox 1331 1729 1492 1768; x_wconf 89' lang='lat' dir='ltr'><em>volunt:</em></span> <span class='ocrx_word' id='word_1_196' title='bbox 1542 1726 1689 1779; x_wconf 86' lang='lat' dir='ltr'><em>scripsi</em></span> 
     </span>
     <span class='ocr_line' id='line_1_22' title="bbox 200 1800 1686 1853; baseline -0.001 -14"><span class='ocrx_word' id='word_1_197' title='bbox 200 1806 335 1840; x_wconf 89' lang='lat' dir='ltr'><em>autem</em></span> <span class='ocrx_word' id='word_1_198' title='bbox 365 1800 501 1839; x_wconf 84' lang='lat' dir='ltr'><em>activa</em></span> <span class='ocrx_word' id='word_1_199' title='bbox 530 1800 659 1840; x_wconf 86' lang='lat' dir='ltr'><em>forma</em></span> <span class='ocrx_word' id='word_1_200' title='bbox 683 1809 860 1851; x_wconf 79' lang='lat' dir='ltr'><em>preeunt,</em></span> <span class='ocrx_word' id='word_1_201' title='bbox 892 1816 981 1842; x_wconf 91' lang='lat' dir='ltr'><em>cum</em></span> <span class='ocrx_word' id='word_1_202' title='bbox 1011 1803 1173 1842; x_wconf 86' lang='lat' dir='ltr'><em>codices</em></span> <span class='ocrx_word' id='word_1_203' title='bbox 1202 1801 1328 1840; x_wconf 88' lang='lat' dir='ltr'><em>Nonii</em></span> <span class='ocrx_word' id='word_1_204' title='bbox 1357 1813 1396 1853; x_wconf 90' lang='lat' dir='ltr'><em>p.</em></span> <span class='ocrx_word' id='word_1_205' title='bbox 1418 1806 1500 1848; x_wconf 76' lang='lat'><em>480,</em></span> <span class='ocrx_word' id='word_1_206' title='bbox 1529 1805 1576 1840; x_wconf 84' lang='lat'><em>26</em></span> <span class='ocrx_word' id='word_1_207' title='bbox 1605 1805 1686 1837; x_wconf 84' lang='lat' dir='ltr'><em>tam</em></span> 
     </span>
     <span class='ocr_line' id='line_1_23' title="bbox 200 1870 1685 1926; baseline -0.001 -16"><span class='ocrx_word' id='word_1_208' title='bbox 200 1873 240 1910; x_wconf 91' lang='lat' dir='ltr'><em>in</em></span> <span class='ocrx_word' id='word_1_209' title='bbox 278 1872 466 1911; x_wconf 89' lang='lat' dir='ltr'><em>lemmate</em></span> <span class='ocrx_word' id='word_1_210' title='bbox 504 1886 625 1925; x_wconf 85' lang='lat' dir='ltr'><em>quam</em></span> <span class='ocrx_word' id='word_1_211' title='bbox 663 1875 705 1912; x_wconf 91' lang='lat' dir='ltr'><em>in</em></span> <span class='ocrx_word' id='word_1_212' title='bbox 745 1874 933 1926; x_wconf 83' lang='lat' dir='ltr'><em>exemplo</em></span> <span class='ocrx_word' id='word_1_213' title='bbox 970 1874 1170 1914; x_wconf 81' lang='lat' dir='ltr'><em>Varronis&#39;</em></span> <span class='ocrx_word' id='word_1_214' title='bbox 1191 1877 1411 1922; x_wconf 85' lang='lat' dir='ltr'><em>precantur</em></span> <span class='ocrx_word' id='word_1_215' title='bbox 1442 1870 1685 1910; x_wconf 85' lang='lat' dir='ltr'><em>exhibeant:</em></span> 
     </span>
     <span class='ocr_line' id='line_1_24' title="bbox 199 1939 1687 1998; baseline -0.001 -18"><span class='ocrx_word' id='word_1_216' title='bbox 199 1941 307 1994; x_wconf 88' lang='lat' dir='ltr'><em>quod</em></span> <span class='ocrx_word' id='word_1_217' title='bbox 336 1955 425 1980; x_wconf 88' lang='lat' dir='ltr'><em>cum</em></span> <span class='ocrx_word' id='word_1_218' title='bbox 454 1957 535 1983; x_wconf 90' lang='lat' dir='ltr'><em>non</em></span> <span class='ocrx_word' id='word_1_219' title='bbox 564 1945 694 1996; x_wconf 85' lang='lat' dir='ltr'><em>possit</em></span> <span class='ocrx_word' id='word_1_220' title='bbox 724 1946 766 1984; x_wconf 90' lang='lat' dir='ltr'><em>in</em></span> <span class='ocrx_word' id='word_1_221' title='bbox 798 1958 848 1983; x_wconf 88' lang='lat' dir='ltr'><em>ea</em></span> <span class='ocrx_word' id='word_1_222' title='bbox 876 1946 1081 1984; x_wconf 89' lang='lat' dir='ltr'><em>sententia</em></span> <span class='ocrx_word' id='word_1_223' title='bbox 1109 1945 1274 1998; x_wconf 83' lang='lat' dir='ltr'><em>passive</em></span> <span class='ocrx_word' id='word_1_224' title='bbox 1305 1942 1448 1994; x_wconf 86' lang='lat' dir='ltr'><em>accipi,</em></span> <span class='ocrx_word' id='word_1_225' title='bbox 1489 1939 1687 1980; x_wconf 86' lang='lat' dir='ltr'><em>credibile</em></span> 
     </span>
     <span class='ocr_line' id='line_1_25' title="bbox 199 2011 1686 2067; baseline -0.001 -15"><span class='ocrx_word' id='word_1_226' title='bbox 199 2021 262 2053; x_wconf 87' lang='lat' dir='ltr'><em>est</em></span> <span class='ocrx_word' id='word_1_227' title='bbox 289 2014 463 2053; x_wconf 85' lang='lat' dir='ltr'><em>Nonium</em></span> <span class='ocrx_word' id='word_1_228' title='bbox 511 2017 616 2055; x_wconf 90' lang='lat' dir='ltr'><em>iuter</em></span> <span class='ocrx_word' id='word_1_229' title='bbox 650 2015 880 2054; x_wconf 80' lang='lat' dir='ltr'><em>‘contraria</em></span> <span class='ocrx_word' id='word_1_230' title='bbox 906 2029 1061 2066; x_wconf 88' lang='lat' dir='ltr'><em>genera</em></span> <span class='ocrx_word' id='word_1_231' title='bbox 1091 2015 1344 2062; x_wconf 85' lang='lat' dir='ltr'><em>verborum&#39;,</em></span> <span class='ocrx_word' id='word_1_232' title='bbox 1367 2026 1496 2067; x_wconf 79' lang='lat' dir='ltr'><em>,quae</em></span> <span class='ocrx_word' id='word_1_233' title='bbox 1535 2011 1594 2051; x_wconf 94' lang='lat' dir='ltr'><em>ibi</em></span> <span class='ocrx_word' id='word_1_234' title='bbox 1624 2024 1686 2050; x_wconf 91' lang='lat' dir='ltr'><em>re-</em></span> 
     </span>
     <span class='ocr_line' id='line_1_26' title="bbox 199 2084 1686 2138; baseline -0.001 -14"><span class='ocrx_word' id='word_1_235' title='bbox 199 2091 357 2133; x_wconf 85' lang='lat' dir='ltr'><em>censet,</em></span> <span class='ocrx_word' id='word_1_236' title='bbox 397 2092 440 2124; x_wconf 87' lang='lat' dir='ltr'><em>ut</em></span> <span class='ocrx_word' id='word_1_237' title='bbox 476 2086 616 2138; x_wconf 82' lang='lat' dir='ltr'><em>paullo</em></span> <span class='ocrx_word' id='word_1_238' title='bbox 646 2093 741 2124; x_wconf 85' lang='lat' dir='ltr'><em>ante</em></span> <span class='ocrx_word' id='word_1_239' title='bbox 774 2099 827 2123; x_wconf 84' lang='lat' dir='ltr'><em>ex</em></span> <span class='ocrx_word' id='word_1_240' title='bbox 858 2085 1001 2125; x_wconf 89' lang='lat' dir='ltr'><em>eodem</em></span> <span class='ocrx_word' id='word_1_241' title='bbox 1033 2087 1217 2126; x_wconf 84' lang='lat' dir='ltr'><em>Varrone</em></span> <span class='ocrx_word' id='word_1_242' title='bbox 1250 2088 1395 2123; x_wconf 79' lang='lat' dir='ltr'><em>mirare</em></span> <span class='ocrx_word' id='word_1_243' title='bbox 1426 2084 1581 2132; x_wconf 86' lang='lat' dir='ltr'><em>attulit,</em></span> <span class='ocrx_word' id='word_1_244' title='bbox 1627 2085 1686 2122; x_wconf 86' lang='lat' dir='ltr'><em>sic</em></span> 
     </span>
     <span class='ocr_line' id='line_1_27' title="bbox 197 2155 1686 2209; baseline -0.002 -14"><span class='ocrx_word' id='word_1_245' title='bbox 197 2157 272 2195; x_wconf 89' lang='lat' dir='ltr'><em>hoc</em></span> <span class='ocrx_word' id='word_1_246' title='bbox 311 2157 400 2195; x_wconf 90' lang='lat' dir='ltr'><em>loco</em></span> <span class='ocrx_word' id='word_1_247' title='bbox 436 2156 613 2194; x_wconf 86' lang='lat' dir='ltr'><em>activum</em></span> <span class='ocrx_word' id='word_1_248' title='bbox 644 2168 815 2205; x_wconf 86' lang='lat' dir='ltr'><em>precare</em></span> <span class='ocrx_word' id='word_1_249' title='bbox 840 2156 1043 2208; x_wconf 84' lang='lat' dir='ltr'><em>posuisse,</em></span> <span class='ocrx_word' id='word_1_250' title='bbox 1072 2170 1153 2209; x_wconf 88' lang='lat' dir='ltr'><em>qua</em></span> <span class='ocrx_word' id='word_1_251' title='bbox 1183 2156 1312 2195; x_wconf 85' lang='lat' dir='ltr'><em>forma</em></span> <span class='ocrx_word' id='word_1_252' title='bbox 1337 2170 1432 2195; x_wconf 86' lang='lat' dir='ltr'><em>usos</em></span> <span class='ocrx_word' id='word_1_253' title='bbox 1452 2168 1553 2194; x_wconf 68' lang='lat' dir='ltr'><em>esse</em></span> <span class='ocrx_word' id='word_1_254' title='bbox 1583 2155 1686 2193; x_wconf 86' lang='lat' dir='ltr'><em>anti-</em></span> 
     </span>
     <span class='ocr_line' id='line_1_28' title="bbox 198 2225 1684 2280; baseline -0.001 -15"><span class='ocrx_word' id='word_1_255' title='bbox 198 2241 298 2280; x_wconf 89' lang='lat' dir='ltr'><em>quos</em></span> <span class='ocrx_word' id='word_1_256' title='bbox 324 2227 561 2265; x_wconf 86' lang='lat' dir='ltr'><em>Priscianus</em></span> <span class='ocrx_word' id='word_1_257' title='bbox 591 2240 632 2278; x_wconf 90' lang='lat' dir='ltr'><em>p.</em></span> <span class='ocrx_word' id='word_1_258' title='bbox 662 2232 731 2270; x_wconf 85' lang='lat'><em>779</em></span> <span class='ocrx_word' id='word_1_259' title='bbox 757 2226 939 2266; x_wconf 84' lang='lat' dir='ltr'><em>tradidit.</em></span> <span class='ocrx_word' id='word_1_260' title='bbox 999 2230 1186 2266; x_wconf 78' lang='lat' dir='ltr'><em>medicina</em></span> <span class='ocrx_word' id='word_1_261' title='bbox 1218 2233 1305 2266; x_wconf 84' lang='lat' dir='ltr'><em>utor</em></span> <span class='ocrx_word' id='word_1_262' title='bbox 1335 2228 1394 2267; x_wconf 89' lang='lat' dir='ltr'><em>sic</em></span> <span class='ocrx_word' id='word_1_263' title='bbox 1427 2225 1588 2265; x_wconf 88' lang='lat' dir='ltr'><em>videtur</em></span> <span class='ocrx_word' id='word_1_264' title='bbox 1619 2239 1684 2264; x_wconf 88' lang='lat' dir='ltr'><em>ac·</em></span> 
     </span>
     <span class='ocr_line' id='line_1_29' title="bbox 199 2295 1688 2349; baseline 0 -15"><span class='ocrx_word' id='word_1_265' title='bbox 199 2295 443 2349; x_wconf 85' lang='lat' dir='ltr'><em>cipiendum,</em></span> <span class='ocrx_word' id='word_1_266' title='bbox 476 2303 519 2335; x_wconf 90' lang='lat' dir='ltr'><em>ut</em></span> <span class='ocrx_word' id='word_1_267' title='bbox 546 2311 626 2335; x_wconf 90' lang='lat' dir='ltr'><em>non</em></span> <span class='ocrx_word' id='word_1_268' title='bbox 656 2296 780 2336; x_wconf 85' lang='lat' dir='ltr'><em>distet</em></span> <span class='ocrx_word' id='word_1_269' title='bbox 806 2297 857 2336; x_wconf 89' lang='lat' dir='ltr'><em>ab</em></span> <span class='ocrx_word' id='word_1_270' title='bbox 886 2298 950 2337; x_wconf 88' lang='lat' dir='ltr'><em>his</em></span> <span class='ocrx_word' id='word_1_271' title='bbox 978 2301 1126 2348; x_wconf 75' lang='lat' dir='ltr'><em>indiyeo</em></span> <span class='ocrx_word' id='word_1_272' title='bbox 1157 2297 1480 2344; x_wconf 77' lang='lat' dir='ltr'><em>medicina,&#39;mihi</em></span> <span class='ocrx_word' id='word_1_273' title='bbox 1505 2298 1602 2346; x_wconf 81' lang='lat' dir='ltr'><em>opus</em></span> <span class='ocrx_word' id='word_1_274' title='bbox 1631 2303 1688 2334; x_wconf 85' lang='lat' dir='ltr'><em>est</em></span> 
     </span>
     <span class='ocr_line' id='line_1_30' title="bbox 199 2367 1686 2421; baseline 0.003 -16"><span class='ocrx_word' id='word_1_275' title='bbox 199 2370 396 2406; x_wconf 81' lang='lat' dir='ltr'><em>medicina.</em></span> <span class='ocrx_word' id='word_1_276' title='bbox 466 2367 559 2406; x_wconf 90' lang='lat' dir='ltr'><em>Non</em></span> <span class='ocrx_word' id='word_1_277' title='bbox 608 2367 794 2408; x_wconf 84' lang='lat' dir='ltr'><em>absimile</em></span> <span class='ocrx_word' id='word_1_278' title='bbox 840 2375 937 2421; x_wconf 90' lang='lat' dir='ltr'><em>puto</em></span> <span class='ocrx_word' id='word_1_279' title='bbox 984 2370 1216 2410; x_wconf 88' lang='lat' dir='ltr'><em>Plautinum</em></span> <span class='ocrx_word' id='word_1_280' title='bbox 1267 2371 1307 2410; x_wconf 92' lang='lat' dir='ltr'><em>in</em></span> <span class='ocrx_word' id='word_1_281' title='bbox 1347 2369 1582 2408; x_wconf 89' lang='lat' dir='ltr'><em>Trinummo</em></span> <span class='ocrx_word' id='word_1_282' title='bbox 1617 2374 1686 2409; x_wconf 75' lang='lat'><em>258</em></span> 
     </span>
     <span class='ocr_line' id='line_1_31' title="bbox 199 2436 1684 2489; baseline 0 -12"><span class='ocrx_word' id='word_1_283' title='bbox 199 2439 262 2489; x_wconf 92' lang='lat'><em>(11</em></span> <span class='ocrx_word' id='word_1_284' title='bbox 292 2447 325 2486; x_wconf 87' lang='lat' dir='ltr'><em>l,</em></span> <span class='ocrx_word' id='word_1_285' title='bbox 355 2436 419 2488; x_wconf 83' lang='lat'><em>26)</em></span> <span class='ocrx_word' id='word_1_286' title='bbox 447 2441 579 2488; x_wconf 73' lang='lat' dir='ltr'><em>Apaye</em></span> <span class='ocrx_word' id='word_1_287' title='bbox 609 2453 738 2486; x_wconf 87' lang='lat' dir='ltr'><em>amor,</em></span> <span class='ocrx_word' id='word_1_288' title='bbox 770 2453 845 2479; x_wconf 87' lang='lat' dir='ltr'><em>non</em></span> <span class='ocrx_word' id='word_1_289' title='bbox 868 2443 1023 2489; x_wconf 86' lang='lat' dir='ltr'><em>places:</em></span> <span class='ocrx_word' id='word_1_290' title='bbox 1065 2444 1120 2480; x_wconf 85' lang='lat' dir='ltr'><em>nil</em></span> <span class='ocrx_word' id='word_1_291' title='bbox 1145 2448 1179 2479; x_wconf 85' lang='lat' dir='ltr'><em>te</em></span> <span class='ocrx_word' id='word_1_292' title='bbox 1209 2447 1316 2482; x_wconf 65' lang='lat' dir='ltr'><em>utom</em></span> <span class='ocrx_word' id='word_1_293' title='bbox 1349 2446 1389 2480; x_wconf 91' lang='lat' dir='ltr'><em>et</em></span> <span class='ocrx_word' id='word_1_294' title='bbox 1416 2452 1509 2479; x_wconf 87' lang='lat' dir='ltr'><em>usus</em></span> <span class='ocrx_word' id='word_1_295' title='bbox 1539 2453 1684 2478; x_wconf 76' lang='lat' dir='ltr'><em>nomon</em></span> 
     </span>
     <span class='ocr_line' id='line_1_32' title="bbox 198 2510 1683 2564; baseline 0.001 -16"><span class='ocrx_word' id='word_1_296' title='bbox 198 2510 364 2561; x_wconf 85' lang='lat' dir='ltr'><em>saepius</em></span> <span class='ocrx_word' id='word_1_297' title='bbox 393 2516 606 2562; x_wconf 80' lang='lat' dir='ltr'><em>usurpatur</em></span> <span class='ocrx_word' id='word_1_298' title='bbox 635 2524 708 2562; x_wconf 88' lang='lat' dir='ltr'><em>pro</em></span> <span class='ocrx_word' id='word_1_299' title='bbox 737 2525 785 2551; x_wconf 88' lang='lat' dir='ltr'><em>eo</em></span> <span class='ocrx_word' id='word_1_300' title='bbox 816 2511 924 2564; x_wconf 89' lang='lat' dir='ltr'><em>quod</em></span> <span class='ocrx_word' id='word_1_301' title='bbox 954 2519 1016 2551; x_wconf 88' lang='lat' dir='ltr'><em>est</em></span> <span class='ocrx_word' id='word_1_302' title='bbox 1045 2515 1174 2562; x_wconf 80' lang='lat' dir='ltr'><em>opus.&#39;</em></span> <span class='ocrx_word' id='word_1_303' title='bbox 1205 2515 1387 2551; x_wconf 78' lang='lat' dir='ltr'><em>scribtum</em></span> <span class='ocrx_word' id='word_1_304' title='bbox 1419 2511 1583 2551; x_wconf 74' lang='lat' dir='ltr'><em>codices</em></span> <span class='ocrx_word' id='word_1_305' title='bbox 1615 2524 1683 2549; x_wconf 80' lang='lat' dir='ltr'><em>ex-</em></span> 
     </span>
     <span class='ocr_line' id='line_1_33' title="bbox 200 2577 1683 2635; baseline 0.001 -17"><span class='ocrx_word' id='word_1_306' title='bbox 200 2585 318 2632; x_wconf 87' lang='lat' dir='ltr'><em>cepto</em></span> <span class='ocrx_word' id='word_1_307' title='bbox 345 2579 486 2620; x_wconf 88' lang='lat' dir='ltr'><em>Bamb.</em></span> <span class='ocrx_word' id='word_1_308' title='bbox 540 2581 731 2635; x_wconf 87' lang='lat' dir='ltr'><em>Denique</em></span> <span class='ocrx_word' id='word_1_309' title='bbox 765 2587 863 2622; x_wconf 73' lang='lat' dir='ltr'><em>Onun</em></span> <span class='ocrx_word' id='word_1_310' title='bbox 895 2588 968 2622; x_wconf 68' lang='lat' dir='ltr'><em>Bm</em></span> <span class='ocrx_word' id='word_1_311' title='bbox 999 2581 1168 2623; x_wconf 90' lang='lat' dir='ltr'><em>Oehleri</em></span> <span class='ocrx_word' id='word_1_312' title='bbox 1202 2577 1438 2622; x_wconf 82' lang='lat' dir='ltr'><em>coniectura</em></span> <span class='ocrx_word' id='word_1_313' title='bbox 1469 2589 1549 2622; x_wconf 85' lang='lat' dir='ltr'><em>est:</em></span> <span class='ocrx_word' id='word_1_314' title='bbox 1590 2582 1683 2621; x_wconf 87' lang='lat' dir='ltr'><em>libri</em></span> 
     </span>
     <span class='ocr_line' id='line_1_34' title="bbox 198 2650 1681 2706; baseline 0.003 -17"><span class='ocrx_word' id='word_1_315' title='bbox 198 2653 282 2690; x_wconf 80' lang='lat' dir='ltr'><em>theo</em></span> <span class='ocrx_word' id='word_1_316' title='bbox 317 2653 424 2690; x_wconf 81' lang='lat' dir='ltr'><em>hera.</em></span> <span class='ocrx_word' id='word_1_317' title='bbox 474 2650 580 2690; x_wconf 87' lang='lat' dir='ltr'><em>Vide</em></span> <span class='ocrx_word' id='word_1_318' title='bbox 611 2651 663 2691; x_wconf 90' lang='lat' dir='ltr'><em>de</em></span> <span class='ocrx_word' id='word_1_319' title='bbox 693 2667 744 2692; x_wconf 88' lang='lat' dir='ltr'><em>ea</em></span> <span class='ocrx_word' id='word_1_320' title='bbox 771 2654 1034 2706; x_wconf 85' lang='lat' dir='ltr'><em>inscriptione</em></span> <span class='ocrx_word' id='word_1_321' title='bbox 1062 2653 1268 2705; x_wconf 84' lang='lat' dir='ltr'><em>Delphica</em></span> <span class='ocrx_word' id='word_1_322' title='bbox 1298 2652 1514 2705; x_wconf 75' lang='lat' dir='ltr'><em>Gottlingii</em></span> <span class='ocrx_word' id='word_1_323' title='bbox 1546 2654 1681 2705; x_wconf 90' lang='lat' dir='ltr'><em>dispu-</em></span> 
     </span>
     <span class='ocr_line' id='line_1_35' title="bbox 199 2722 1682 2777; baseline 0.002 -17"><span class='ocrx_word' id='word_1_324' title='bbox 199 2723 392 2761; x_wconf 87' lang='lat' dir='ltr'><em>tationem</em></span> <span class='ocrx_word' id='word_1_325' title='bbox 429 2722 625 2769; x_wconf 73' lang='lat' dir='ltr'><em>(Bert&#39;clzte</em></span> <span class='ocrx_word' id='word_1_326' title='bbox 667 2726 704 2777; x_wconf 83' lang='lat' dir='ltr'><em>d.</em></span> <span class='ocrx_word' id='word_1_327' title='bbox 743 2727 870 2764; x_wconf 66' lang='lat' dir='ltr'><em>saclas.</em></span> <span class='ocrx_word' id='word_1_328' title='bbox 911 2728 995 2764; x_wconf 80' lang='lat' dir='ltr'><em>Ges.</em></span> <span class='ocrx_word' id='word_1_329' title='bbox 1035 2729 1071 2764; x_wconf 83' lang='lat' dir='ltr'><em>d.</em></span> <span class='ocrx_word' id='word_1_330' title='bbox 1120 2726 1230 2763; x_wconf 79' lang='lat' dir='ltr'><em>Wiss.</em></span> <span class='ocrx_word' id='word_1_331' title='bbox 1264 2729 1351 2766; x_wconf 73' lang='lat'>1847</span> <span class='ocrx_word' id='word_1_332' title='bbox 1383 2739 1423 2777; x_wconf 85' lang='lat' dir='ltr'><em>p.</em></span> <span class='ocrx_word' id='word_1_333' title='bbox 1450 2723 1555 2775; x_wconf 78' lang='lat'><em>308).</em></span> <span class='ocrx_word' id='word_1_334' title='bbox 1615 2725 1682 2764; x_wconf 83' lang='lat' dir='ltr'><em>Fr.</em></span> 
     </span>
     <span class='ocr_line' id='line_1_36' title="bbox 197 2791 1682 2850; baseline 0.001 -18"><span class='ocrx_word' id='word_1_335' title='bbox 197 2793 307 2832; x_wconf 89' lang='lat' dir='ltr'>XIII</span> <span class='ocrx_word' id='word_1_336' title='bbox 337 2806 478 2832; x_wconf 85' lang='lat' dir='ltr'><em>versus</em></span> <span class='ocrx_word' id='word_1_337' title='bbox 510 2791 610 2832; x_wconf 87' lang='lat' dir='ltr'><em>duos</em></span> <span class='ocrx_word' id='word_1_338' title='bbox 639 2793 696 2832; x_wconf 87' lang='lat' dir='ltr'><em>ita</em></span> <span class='ocrx_word' id='word_1_339' title='bbox 725 2793 942 2846; x_wconf 83' lang='lat' dir='ltr'><em>distribuo,</em></span> <span class='ocrx_word' id='word_1_340' title='bbox 971 2803 1016 2835; x_wconf 90' lang='lat' dir='ltr'><em>ut</em></span> <span class='ocrx_word' id='word_1_341' title='bbox 1040 2797 1175 2850; x_wconf 86' lang='lat' dir='ltr'><em>priore</em></span> <span class='ocrx_word' id='word_1_342' title='bbox 1206 2796 1490 2835; x_wconf 86' lang='lat' dir='ltr'><em>calumniatori</em></span> <span class='ocrx_word' id='word_1_343' title='bbox 1518 2796 1682 2847; x_wconf 85' lang='lat' dir='ltr'><em>Serapi-</em></span> 
     </span>
     <span class='ocr_line' id='line_1_37' title="bbox 198 2850 1684 2918; baseline 0 -16"><span class='ocrx_word' id='word_1_344' title='bbox 198 2863 260 2903; x_wconf 91' lang='lat' dir='ltr'><em>dis</em></span> <span class='ocrx_word' id='word_1_345' title='bbox 301 2863 449 2903; x_wconf 82' lang='lat' dir='ltr'><em>medici</em></span> <span class='ocrx_word' id='word_1_346' title='bbox 492 2871 682 2915; x_wconf 85' lang='lat' dir='ltr'><em>aegrotus</em></span> <span class='ocrx_word' id='word_1_347' title='bbox 719 2865 986 2918; x_wconf 84' lang='lat' dir='ltr'><em>respondeat:</em></span> <span class='ocrx_word' id='word_1_348' title='bbox 1031 2850 1155 2906; x_wconf 52' lang='lat' dir='ltr'><em>alter&gt;</em></span> <span class='ocrx_word' id='word_1_349' title='bbox 1177 2866 1325 2918; x_wconf 88' lang='lat' dir='ltr'><em>hospiti</em></span> <span class='ocrx_word' id='word_1_350' title='bbox 1366 2864 1600 2905; x_wconf 88' lang='lat' dir='ltr'><em>Aristotelis</em></span> <span class='ocrx_word' id='word_1_351' title='bbox 1643 2871 1684 2902; x_wconf 77' lang='lat' dir='ltr'><em>et</em></span> 
     </span>
    </p>
   </div>
   <div class='ocr_carea' id='block_1_3' title="bbox 195 2935 1685 3043">
    <p class='ocr_par' dir='ltr' id='par_1_4' title="bbox 195 2935 1685 3043">
     <span class='ocr_line' id='line_1_38' title="bbox 195 2935 1685 2991; baseline 0.001 -18"><span class='ocrx_word' id='word_1_352' title='bbox 195 2935 524 2987; x_wconf 85' lang='lat' dir='ltr'><em>philosophorum</em></span> <span class='ocrx_word' id='word_1_353' title='bbox 567 2949 701 2974; x_wconf 82' lang='lat' dir='ltr'><em>curam</em></span> <span class='ocrx_word' id='word_1_354' title='bbox 739 2949 836 2988; x_wconf 80' lang='lat' dir='ltr'><em>prae</em></span> <span class='ocrx_word' id='word_1_355' title='bbox 867 2935 1067 2991; x_wconf 85' lang='lat' dir='ltr'><em>Serapide</em></span> <span class='ocrx_word' id='word_1_356' title='bbox 1095 2937 1390 2978; x_wconf 84' lang='lat' dir='ltr'><em>commendanti</em></span> <span class='ocrx_word' id='word_1_357' title='bbox 1418 2935 1685 2976; x_wconf 79' lang='lat' dir='ltr'><em>adscribatur.</em></span> 
     </span>
     <span class='ocr_line' id='line_1_39' title="bbox 1288 3002 1412 3043; baseline 0 0"><span class='ocrx_word' id='word_1_358' title='bbox 1288 3002 1290 3004; x_wconf 69' lang='grc'><strong>’</strong></span> <span class='ocrx_word' id='word_1_359' title='bbox 1327 3004 1412 3043; x_wconf 79' lang='lat'><em>12*</em></span> 
     </span>
    </p>
   </div>
  </div>
 </body>
</html>
