1898 3236
267 260 321 300 90
838 269 1178 299 coufflc'rANssA.

268 376 548 416 emendatione
577 375 833 425 acquiescas:
872 375 1067 411 ‘Fellare'
1099 385 1307 423 exsuyew,
1347 376 1523 412 lambere.
1575 374 1744 426 [Varro]

267 450 417 485 Manio:
448 447 540 483 ‘cam
570 458 654 484 eum
682 448 734 483 ad
762 457 871 494 quem
899 447 1051 482 veniunt
1076 447 1115 482 in
1144 446 1358 493 hospitium,
1389 449 1413 484 l.
1437 447 1474 483 h.
1498 444 1548 495 [ξ’
1589 448 1629 483 in
1660 448 1745 484 hos-

261 523 398 568 pitium
435 517 543 571 (DOd
574 517 752 556 scribunt
782 529 857 568 pro
890 521 927 552 et
963 517 1164 564 hospitium
1198 530 1279 555 non
1314 512 1476 567 gravius
1501 500 1588 564 est,
1628 529 1748 569 quam

266 589 374 642 quod
402 588 524 627 Nonii
552 602 591 639 p.
615 594 696 635 358,
717 593 763 629 26
788 593 830 625 ut
851 589 992 635 flumen
1023 586 1171 636 legitur
1193 601 1264 639 pro
1295 590 1336 625 in
1361 588 1531 636 frumen.
1573 585 1743 625 Senten-

262 662 319 699 tia
356 664 509 711 aperta.
568 657 729 696 Laudat
764 657 894 696 Varro
932 658 1190 709 pristinorum
1227 662 1451 708 temporum
1491 657 1742 708 hospitalita-

261 737 362 779 tem,
401 744 491 769 cum
528 729 660 781 quivis
699 729 741 766 in
772 727 949 766 cuiusvis
987 727 1206 779 hospitium
1236 727 1314 765 iret
1347 727 1456 766 haud
1493 731 1741 774 cunctanter,

261 802 366 840 bene
389 814 538 852 gnarus
568 800 689 839 etiam
719 813 822 847 eum,
856 797 908 836 ad
938 811 1057 850 quem
1078 798 1250 845 veniret,
1281 792 1331 834 ut*
1346 797 1490 849 ipsum,
1518 797 1583 835 lac
1603 796 1740 834 huma-

259 886 353 910 num
387 871 608 910 fellavisse.
667 870 724 909 Ut
761 883 813 908 ne
850 875 925 907 tam
951 867 1124 921 ‘quidem
1161 868 1361 920 particula
1398 868 1494 906 mihi
1533 867 1743 905 offensioni

261 944 324 990 sit,
358 955 462 994 quae
492 942 526 979 si
555 947 689 980 tamen
719 955 799 979 non
823 940 1005 991 placeat,
1034 939 1229 977 suaserim
1257 941 1384 976 etiam.
1443 938 1643 976 Numeros
1672 950 1740 975 au-

259 1019 341 1052 tem
378 1014 419 1051 in
455 1012 538 1050 illis
577 1010 712 1049 verbis
743 1023 858 1049 meae
888 1011 1100 1062 percipere
1140 1023 1257 1048 aures
1287 1014 1514 1061 nequeunt:
1558 1021 1739 1061 quosque

260 1084 414 1122 invexit
449 1084 680 1134 Roeperus,
729 1082 766 1120 ei
807 1081 1030 1131 integritati
1064 1081 1290 1119 sententiae
1327 1079 1522 1117 officiunt.
1592 1077 1739 1125 Scribit

260 1162 394 1194 autem
423 1155 503 1192 ita:

546 1284 552 1291 .
581 1285 587 1291 .
619 1257 694 1291 iam
724 1265 820 1298 eum,
853 1254 904 1291 (id
927 1264 1037 1301 quem
1069 1254 1220 1290 veniunt
1248 1252 1432 1298 hdspitem

463 1327 632 1364 Fellcisse
659 1327 719 1363 lac
746 1324 966 1362 lzumdmcm.
1290 1332 1307 1343 ²
