1898 3236
780 264 1124 297 CONIEOTANEA.
1621 262 1632 298 1
1645 260 1698 300 37

208 373 359 420 ‘Neque
386 374 551 420 tippulai
570 374 690 410 levius
704 374 874 420 pondust
893 385 1007 420 quam
1026 374 1124 420 fides
1145 373 1347 410 lenoniae’.
1385 372 1451 410 Ex
1474 372 1699 426 eodemque

208 443 356 482 Plauto
386 442 544 481 Nonius
571 442 599 482 l.
625 456 658 480 c.
688 446 805 481 levior
832 455 873 481 es
898 453 1013 492 qaam
1039 445 1188 491 tippula
1220 443 1338 481 affert
1367 443 1540 483 fortasse
1566 446 1700 497 ipsum

207 513 318 552 illum
344 513 498 552 Persae
528 514 661 552 locum
692 514 938 565 significans.
999 514 1146 563 lymfon
1180 516 1289 552 lacus
1321 514 1430 566 quod
1465 515 1596 555 Varro
1636 516 1694 555 di-

210 585 284 632 cit,
324 585 360 622 ei
390 584 599 623 consimile
624 590 686 623 est
721 583 902 623 eiusdem
932 587 1025 620 Περι
1051 588 1237 620 Εεᾼπωπηο
1270 585 1318 623 fr.
1346 591 1369 625 4
1403 586 1578 634 fervidos
1604 589 1694 636 fon-

206 659 297 694 tium
327 659 436 694 lacus
465 658 674 706 sanquinis.
717 657 783 694 De
812 655 862 693 fr.
894 654 959 693 IX
991 655 1192 707 scriptura
1223 670 1269 694 ac
1301 655 1582 695 distributione
1613 671 1694 696 me·

207 728 311 766 trica
340 727 424 765 dixi
450 741 491 778 p.
521 732 579 766 28.
638 725 746 764 Huic
781 726 1069 778 interpellandi
1096 727 1215 766 modo
1244 729 1426 779 geminus
1459 732 1521 766 est
1545 728 1616 767 ille
1645 729 1696 768 de

207 803 394 835 Snxmssffl
420 798 469 836 fr.
497 803 559 838 16:
592 798 717 834 Erras
745 797 1014 848 (comper-cas),
1045 801 1179 847 inquit,
1212 799 1359 844 Marce,
1392 811 1579 837 accusare
1609 813 1700 838 nos:

207 873 419 920 ruminaris
455 871 722 917 antiquitates:
756 869 799 907 in
837 867 980 921 quibus
1018 869 1088 908 vix
1127 868 1290 908 dubium
1321 876 1404 918 est,
1444 871 1539 922 quin
1568 872 1698 910 Varro

208 955 316 990 suos,
348 955 370 980 e
401 940 545 993 quibus
572 939 626 977 ibi
658 940 859 991 quaedam
891 937 1216 992 exprompserat,
1245 940 1545 994 Antiquitatum
1572 941 1698 980 libros

209 1012 407 1062 designet.
468 1011 548 1050 Illa
584 1016 718 1048 autem
756 1010 806 1050 fr.
835 1012 908 1050 ‘IX
929 1012 1005 1050 ‘ita
1038 1011 1119 1050 dici
1160 1011 1370 1060 videntur,
1415 1018 1458 1050 ut
1496 1012 1698 1064 quaedam

208 1096 300 1121 eum
333 1083 413 1121 iam
443 1088 537 1131 ante
569 1081 619 1119 de
649 1082 775 1133 tropis
808 1082 1082 1135 disputavisse
1112 1088 1330 1134 appareat,
1364 1098 1386 1122 e
1419 1084 1562 1136 quibus
1594 1085 1698 1122 forte

208 1167 281 1205 per
321 1153 508 1205 exempla
549 1153 857 1192 translationum
887 1155 1037 1193 sensim
1066 1154 1108 1192 in
1136 1155 1438 1194 retractandam
1468 1154 1700 1208 Odysseam

209 1224 400 1276 delapsus
433 1230 508 1262 est.
569 1223 670 1262 Cum
699 1224 764 1263 IX
792 1229 926 1263 autem
954 1226 1078 1263 artius
1109 1225 1308 1263 cohaeret
1332 1226 1392 1264 X:
1430 1240 1575 1278 nempe
1607 1226 1699 1265 ideo

209 1309 254 1334 se
286 1294 517 1347 Odysseam
552 1295 743 1333 ruminari
781 1295 858 1343 ait,
896 1295 1005 1347 quod
1043 1295 1309 1334 calumniator
1340 1296 1410 1335 illc
1446 1311 1527 1336 non
1569 1298 1700 1336 solum

208 1379 252 1404 se
286 1359 455 1414 τρόπους
490 1365 702 1415 ignorasse
735 1364 809 1404 sed
851 1366 1010 1407 omnino
1046 1366 1194 1404 heroas
1234 1354 1460 1406 nescibisse
1496 1375 1699 1418 arguerat,

207 1436 431 1490 generatim
463 1435 623 1484 dicens,
664 1449 769 1488 quae
796 1436 848 1474 ad
877 1450 999 1474 unum
1029 1438 1205 1475 fortasse
1235 1436 1401 1476 Ulixem
1430 1438 1700 1490 pertinebant.

207 1507 518 1554 paronomasia,
559 1520 664 1558 quae
699 1512 762 1544 est
797 1507 839 1544 in
871 1502 1028 1559 τρόπων
1056 1502 1225 1558 τρόπους
1254 1508 1293 1550 h.
1327 1522 1361 1546 e.
1394 1509 1702 1547 translationum

207 1575 369 1624 modos,
400 1590 481 1614 non
512 1576 689 1615 debebat
717 1577 864 1616 deleri:
902 1592 1006 1630 quae
1031 1579 1210 1617 firmatur
1235 1593 1303 1627 eo,
1341 1580 1449 1632 quod
1480 1594 1531 1619 ne
1562 1594 1699 1619 nume-

206 1647 262 1684 ris
293 1646 455 1699 quidem
485 1661 534 1686 ea
563 1647 690 1686 verba
720 1648 915 1687 destituta
944 1650 1042 1687 sint:

415 1733 583 1788 Τρόπων
610 1731 780 1789 τρόπους
808 1742 876 1788 qui
897 1741 972 1778 no'n
1000 1744 1107 1779 modo
1134 1741 1334 1790 iynorasse
1363 1754 1421 1780 me

412 1810 576 1856 Clama't,
607 1814 676 1849 sed
703 1814 852 1849 omnino
880 1812 1000 1849 (imnis
1028 1813 1168 1850 keroa's
1196 1819 1309 1863 neyat

411 1882 598 1919 Nescisse.

207 1986 389 2032 iynorare
425 1982 533 2035 quod
562 1983 727 2034 scripsit
757 1982 972 2033 Oehlerus,
1006 1985 1241 2038 imprudens
1279 1988 1391 2026 fecit.
1451 1989 1516 2026 De
1549 1987 1700 2038 duplici

209 2055 427 2104 negatione
468 2060 581 2103 neyal
620 2057 786 2092 nescisse
823 2055 1009 2093 conferre
1045 2057 1159 2095 iuvat
1198 2058 1328 2109 ipsum
1369 2058 1569 2104 Nonium,
1617 2058 1700 2110 qui,

210 2138 288 2177 quo
331 2131 400 2163 aut
434 2125 561 2176 ipsius
600 2126 807 2163 festinatio
844 2110 1069 2164 illustretur
1110 2132 1179 2165 aut
1209 2127 1411 2166 indicetur
1441 2127 1623 2165 condicio
1653 2128 1699 2166 li-

208 2195 390 2243 brorum,
430 2190 768 2247 posteaquam‘p.
805 2203 894 2243 530,
926 2202 967 2236 21
1007 2202 1173 2248 propter
1213 2197 1324 2248 ipsas
1356 2197 1456 2235 duas
1486 2198 1700 2247 negativas

209 2265 312 2303 illud
342 2266 572 2317 exemplum
608 2267 816 2317 apposuit,
855 2280 894 2318 p.
927 2273 1016 2315 532,
1047 2274 1092 2308 1⁶2.
1129 2268 1232 2306 haec
1277 2267 1438 2307 scribit:
1495 2272 1703 2318 Neyativas

209 2339 308 2373 duas
341 2348 417 2383 pro
456 2323 747 2384 neqativa'una
781 2339 1029 2385 accipiendas
1067 2339 1192 2376 Varro
1225 2343 1449 2377 monstravit
1481 2343 1527 2378 de
1556 2343 1631 2378 vita
1656 2342 1700 2377 P.

211 2393 260 2444 Rss
299 2409 359 2444 lib.
398 2408 462 2444 II:
518 2408 619 2455 ‘qua
652 2409 878 2445 abstinentia
911 2410 986 2445 viri
1017 2411 1270 2457 mulieresque
1305 2410 1504 2448 Romanae
1535 2400 1701 2459 fuerini,

211 2479 313 2525 quod
351 2490 375 2514 a
413 2489 502 2526 reye
542 2490 704 2515 munera
737 2483 868 2516 eorum
905 2465 1073 2517 noluerit
1109 2492 1216 2519 nemo
1246 2481 1451 2529 accipere?
1513 2480 1619 2529 Vide
1651 2481 1701 2519 de

213 2561 260 2585 co
302 2560 378 2584 usu
415 2547 668 2599 Scaligerum
699 2549 741 2588 in
781 2535 1056 2589 coniectaneis
1096 2566 1137 2603 p.
1178 2557 1247 2592 213
1285 2557 1326 2590 et
1363 2551 1633 2590 Ritschelium
1661 2552 1701 2589 in

212 2632 317 2662 novo
348 2631 486 2656 museo
517 2619 648 2659 Rhen.
671 2620 732 2659 IV
761 2634 801 2672 p.
826 2627 906 2662 582.
967 2622 1003 2660 E
1033 2621 1238 2660 veteribus
1269 2623 1441 2661 maxime
1475 2623 1702 2674 appositum

214 2695 276 2727 est
313 2689 435 2727 Ennii
473 2690 704 2741 exemplum
739 2695 843 2741 trag.
877 2695 962 2732 174:
1008 2694 1178 2741 Lapideo
1207 2699 1296 2731 sunt
1327 2697 1442 2732 corde
1471 2696 1580 2731 multi
1609 2705 1702 2741 quos

211 2773 287 2797 non
317 2762 469 2797 miseret
498 2762 670 2799 neminis.
752 2760 760 2767 ⁴

326 2850 478 2888 Verum
516 2851 622 2888 enim
651 2864 771 2899 vero,
807 2852 886 2890 nisi
915 2865 979 2891 me
1009 2852 1115 2891 fallit
1146 2855 1338 2906 suspitio,
1377 2855 1507 2894 Varro
1538 2861 1702 2906 praeter

212 2921 284 2959 illa
311 2922 432 2960 etiam
461 2921 739 2974 rhythmorum
767 2922 809 2960 in
838 2922 901 2961 his
933 2925 1079 2963 saturis
1107 2925 1361 2973 varietatem,
1394 2939 1501 2978 quae
1531 2939 1583 2964 ne
1611 2926 1703 2977 ipsa
