1898 3236
229 254 307 293 150
755 298 758 299 ⁷
796 264 1136 296 corunc‘rANEA.

226 380 304 420 que
334 368 420 407 iure
443 369 565 407 Nonii
592 369 860 407 testimonium
890 370 1137 420 neglexerit,
1167 371 1236 422 qui
1263 385 1303 423 p.
1331 377 1397 413 231
1428 379 1592 424 propter
1618 386 1709 412 usus

225 438 393 477 formam
423 439 654 478 femininam
682 439 754 477 illo
784 441 1011 479 testimonio
1039 441 1173 479 utitur.

337 509 405 548 Ad
429 509 550 558 idem,
582 508 688 548 unde
708 509 780 548 illa
800 515 959 563 sumpta
979 511 1181 559 videntur,
1208 511 1416 551 exordium
1438 519 1598 553 saturae
1617 528 1707 566 per-

223 580 324 618 tinet
354 580 529 633 denique
555 579 632 618 hoc
661 580 770 633 quod
798 594 921 632 supra
950 581 1067 632 tetigi
1095 583 1384 632 fragmentum:

297 708 303 714 ς
336 670 374 709 V
403 669 459 721 (5)
496 671 544 708 In
574 672 704 710 car-teo
734 673 858 709 stadio
891 664 1100 721 ἐπιτάφιον
1131 664 1267 723 ἀγῶνα
1297 686 1390 722 ayo:
1429 686 1503 722 quo
1532 677 1599 723 qui
1624 687 1707 713 cer-

222 743 331 778 tassit
361 743 486 779 animo
516 743 635 779 bellus
665 743 792 787 homo,
836 744 956 791 mayis
985 745 1193 781 delectatus
1227 746 1276 782 sit
1307 747 1511 782 stoicorum
1537 758 1707 793 pancra-

164 855 175 861 χ
224 814 273 849 tio
304 824 418 860 quam
452 813 694 850 athletarum.

336 901 501 940 Urbane
533 901 725 949 chartam,
756 915 836 955 qua
864 902 970 940 hanc
999 904 1296 956 perscripturus
1323 909 1501 943 sat-uram
1525 911 1598 954 est,
1628 913 1707 944 sta-

221 974 324 1009 dium
353 973 548 1009 charteum
581 972 776 1023 appellat,
809 985 886 1024 quo
913 985 1027 1010 suum
1057 972 1170 1012 illum
1199 975 1391 1026 Menippo
1417 974 1594 1014 dicatum
1622 974 1706 1016 ἐπι-

222 1034 366 1089 τάφιον
409 1033 543 1092 ἆγῶνα
590 1049 771 1094 peragat.
839 1043 893 1081 Et-
945 1048 1038 1095 apte
1076 1043 1129 1082 ad
1174 1044 1279 1082 hanc
1327 1059 1411 1084 rem
1456 1048 1707 1098 pancratium

222 1109 320 1149 dicit
349 1124 429 1149 non
458 1111 712 1159 athletarum,
744 1112 817 1150 sed
848 1126 997 1162 eorum,
1030 1127 1130 1166 quos
1160 1128 1184 1152 a
1215 1115 1370 1167 cynicis
1395 1117 1532 1155 tunica
1554 1117 1703 1157 distan-

221 1188 283 1220 tes
311 1176 517 1220 Iuvenalis
545 1181 642 1220 dicit
673 1183 783 1222 XIII
808 1189 885 1231 122,
918 1184 1144 1223 stoicorum.
1195 1184 1316 1235 Quod
1344 1185 1385 1223 in
1407 1187 1704 1239 exemplaribus

221 1251 342 1290 Nonii
374 1251 522 1302 legitur
553 1266 592 1304 p.
624 1258 712 1300 248,
747 1259 789 1293 12
817 1256 999 1302 epitafion
1029 1268 1143 1304 ayoa,
1182 1267 1255 1303 quo
1285 1257 1371 1304 quis
1400 1262 1584 1296 certasset
1614 1260 1703 1311 par-

222 1323 291 1360 tim
315 1322 529 1361 Turnebus
561 1328 601 1361 et
629 1320 840 1371 Barthius,
879 1324 1026 1380 partim
1055 1325 1295 1364 Gerlachius
1324 1333 1596 1367 correxerunt.
1640 1332 1703 1367 de-

219 1395 380 1430 lectatus
414 1396 464 1431 sit
498 1407 573 1445 ego
612 1395 790 1433 restitui:
836 1393 929 1433 libri
967 1397 1194 1443 delectatus,
1234 1410 1306 1448 pro
1341 1393 1427 1449 quo*
1462 1397 1703 1437 Gerlachius

219 1464 431 1500 delectatur
458 1464 734 1516 reponendum
767 1466 951 1504 coniecit.

332 1533 420 1571 Iam
450 1533 502 1572 ad
521 1535 651 1586 ipsam
671 1535 899 1574 accedimus
924 1535 1250 1588 disputationem,
1284 1552 1388 1592 quae
1410 1539 1526 1592 quasi
1548 1539 1702 1579 duobus

219 1604 398 1642 terminis
436 1605 493 1643 ita
519 1603 798 1655 distinguitur,
838 1612 882 1644 ut
909 1607 1055 1659 partim
1087 1607 1193 1647 domi
1228 1610 1333 1648 inter
1363 1623 1525 1660 cenam,
1558 1614 1704 1665 partim

218 1674 259 1711 m
295 1674 364 1711 via
396 1674 501 1712 inter
542 1675 829 1715 ambulandum
866 1684 1035 1729 peracta
1063 1679 1263 1720 videatur.
1325 1681 1565 1721 Convivium
1595 1696 1700 1722 com-

217 1743 334 1795 plura
363 1744 591 1795 fragmenta
619 1735 799 1784 referunt
839 1746 929 1798 (VI.
962 1749 1058 1787 VII.
1089 1749 1240 1802 VIIIJ:
1279 1751 1321 1790 in
1350 1766 1428 1804 quo
1455 1755 1614 1805 pertexi
1642 1755 1700 1793 in-

218 1813 407 1852 choatum
442 1814 483 1852 in
521 1815 588 1853 via
623 1817 862 1855 narrationis
903 1818 1016 1857 filum
1055 1833 1105 1857 ex
1142 1818 1219 1859 hac
1258 1814 1461 1862 sententia
1499 1825 1702 1876 colligitur

219 1882 318 1934 (IX)
354 1885 463 1930 Quod
498 1897 682 1933 coeperas
718 1890 825 1926 modo
860 1890 899 1925 in
938 1891 1016 1935 via,
1053 1904 1177 1929 narra
1215 1898 1255 1930 ut
1282 1896 1334 1931 ad
1361 1898 1540 1934 exodium
1567 1900 1699 1935 ducas.

180 1949 192 1955 ’
217 1953 306 1991 Nec
334 1959 469 1992 tamen
498 1955 596 1994 licet
622 1956 737 1995 nobis
766 1958 1054 2009 internoscere,
1086 1967 1181 2001 utra
1205 1977 1300 2015 pars
1330 1964 1591 2017 reliquiarum
1619 1981 1699 2005 am-

216 2023 411 2062 bulationi
439 2024 512 2073 illi,
542 2040 566 2064 a
594 2029 746 2067 tumulo
778 2029 960 2082 Menippi
986 2032 1128 2083 opinor
1159 2032 1318 2073 domum
1342 2023 1491 2085 factae,
1523 2044 1613 2076 utra
1640 2044 1698 2076 at-

215 2093 335 2132 tribui
373 2095 558 2135 convivio
599 2097 759 2138 debeat.
818 2101 945 2139 Immo
985 2114 1075 2140 cum
1114 2103 1328 2158 deinceps,
1365 2113 1410 2146 ut
1447 2109 1489 2147 in
1515 2123 1699 2149 sermone

216 2165 426 2214 familiari,
468 2169 692 2220 complures
728 2172 922 2210 materiae
954 2172 1205 2225 disceptatae
1233 2176 1404 2227 fuerint,
1436 2194 1487 2219 ne
1520 2180 1700 2220 ordinem

216 2236 379 2288 quidem
404 2251 551 2288 earum,
583 2241 651 2293 qui
683 2242 777 2279 olim
808 2243 943 2291 fuerit,
976 2243 1157 2285 definias.
1207 2247 1345 2299 Quare
1373 2251 1430 2289 sic
1462 2250 1700 2290 distribuam

213 2307 427 2359 reliquias,
472 2315 516 2348 ut
555 2316 595 2349 et
631 2314 779 2351 secreti
810 2304 1093 2366 disputationis
1123 2316 1203 2356 loci
1238 2325 1277 2357 et
1305 2333 1409 2372 quae
1437 2319 1490 2358 ad
1519 2321 1698 2371 singulos

213 2379 444 2429 pertineant
479 2380 745 2431 probabiliter
778 2384 992 2424 coniuncta
1023 2386 1223 2437 legantur.
1282 2391 1481 2443 Incipiam
1512 2398 1646 2431 autem
1675 2408 1699 2432 a

215 2460 422 2487 conv1vio:

326 2527 387 2566 VI
419 2526 473 2579 (6)
505 2531 688 2567 Perrea‘it
715 2534 755 2568 in
783 2534 978 2571 interioris
1002 2541 1139 2582 parles
1168 2539 1314 2576 domnis
1338 2544 1534 2588 posticae,
1578 2539 1698 2582 ut'ait

212 2598 395 2644 Plautus,
421 2602 706 2647 penitissumae.

323 2677 407 2715 VII
433 2676 488 2729 (7)
526 2679 596 2716 Ubi
621 2681 737 2725 lubet,
776 2682 833 2718 ire
863 2683 949 2719 ticet
979 2686 1202 2731 accubitum.
1265 2691 1403 2727 accedo
1429 2696 1584 2730 strenuo
1612 2698 1694 2730 sus-

211 2750 369 2794 silimus,
401 2751 504 2797 quod
530 2754 680 2798 esurzyo
707 2753 877 2799 findebat
903 2760 1040 2791 costas.

323 2828 428 2866 VIII
457 2827 520 2878 (9)
555 2830 651 2866 Inde
684 2833 843 2878 putidas
873 2844 984 2878 uvas,
1025 2837 1146 2873 acinis
1175 2840 1303 2876 electis
1331 2845 1368 2877 et
1397 2842 1586 2885 comestis,
1623 2852 1691 2877 ecc-

212 2898 330 2933 tendit
356 2899 395 2934 in
425 2900 530 2935 lectis
560 2902 762 2947 quondam.
