1898 3236
272 255 324 296 78
845 262 1187 294 comsso‘rAuEA.

271 370 442 410 Graecis
482 369 719 421 permissum
759 368 835 406 fuit
873 367 1010 406 dubito
1047 368 1143 419 quin
1172 368 1345 407 Varroni
1377 367 1536 407 licuerit
1565 370 1606 408 in
1636 382 1752 420 grae-

271 453 360 479 cum
389 439 505 478 latini
535 443 675 477 versus
705 438 857 476 exitum
889 438 1116 478 admittere.

383 511 466 551 Sed
503 511 620 549 huius
651 515 812 548 saturae
844 523 933 548 cum
964 516 1154 562 quattuor
1183 510 1411 560 fragmenta
1440 508 1641 557 ferantur,
1673 510 1753 562 pri·

243 597 377 622 .mum
414 583 508 621 olim
547 585 805 633 perspectum
844 587 907 619 est
935 582 1144 619 metricum
1179 595 1283 629 esse,
1315 566 1535 619 secundum
1562 586 1602 618 et
1633 593 1750 632 quar-

269 663 352 694 tum
393 666 468 704 ego
497 664 604 691 nunc
634 652 716 690 suis
744 653 919 690 numeris
950 652 1132 699 restitui,
1165 664 1242 689 nec
1280 651 1419 690 dubito
1451 651 1625 703 denique
1656 652 1752 703 quin

270 727 378 765 tertii
416 735 577 777 quoque
615 728 743 761 metra
768 722 984 774 ‚proditura
1019 723 1119 771 sint,
1168 722 1286 761 modo
1327 723 1496 774 primum
1530 722 1747 774 interpola-

270 802 406 835 menta
451 793 649 847 quaedam
686 798 980 843 removeantur.
1049 793 1117 832 Sic
1151 794 1255 832 enim
1294 794 1449 832 Nonius
1491 807 1531 844 p.
1571 799 1657 840 181,
1692 798 1753 833 12:

269 866 456 905 ‘Tetrica’
493 870 548 902 est
585 870 731 902 severa.
801 865 926 902 Varro
961 871 1001 902 tu
1032 871 1172 913 patros
1209 877 1250 902 το
1284 868 1446 913 ρεᾱιον,
1491 860 1580 915 περὶ
1618 861 1754 901 παιδο-

268 938 423 983 ποιΐας.·
467 937 540 973 ‘an
586 938 735 973 etiamsi
769 937 936 973 audisset
975 927 1150 972 'reddere
1195 939 1382 983 potuisset
1419 937 1556 973 mulier
1594 937 1752 972 tetricae

269 1009 486 1046 horrentis?
523 1007 638 1043 ducat
669 1008 720 1043 ad
744 1007 907 1054 Appiam
937 1007 1102 1042 moribus
1129 1007 1264 1043 bonis?
1327 1008 1428 1055 γίνῃ.
1458 1007 1551 1043 Aen.
1579 1007 1639 1043 lib.
1672 1017 1755 1043 vn.-

268 1078 351 1128 ‘qui
389 1080 520 1116 tetrice
558 1077 752 1113 horrentis
789 1078 894 1124 rupit
928 1080 1164 1122 montemque
1200 1078 1406 1113 severum?
1481 1076 1528 1113 In
1558 1076 1752 1115 Varronis

268 1147 404 1188 verbis
435 1146 512 1184 duo
543 1144 636 1182 olim
661 1145 801 1183 Iunius
831 1143 956 1197 probe
976 1144 1168 1183 instituit:
1200 1148 1352 1183 mulieri
1376 1146 1550 1184 correxit
1575 1151 1615 1184 et
1634 1146 1754 1184 eiecit

269 1220 478 1262 horrentis,
517 1215 625 1268 quod
665 1229 687 1254 e
725 1216 895 1266 Vergilii
925 1229 1047 1255 versu
1075 1229 1287 1268 perperam
1317 1217 1359 1254 in
1389 1216 1519 1255 locum
1561 1217 1754 1256 Varronis

267 1292 472 1328 invectum
511 1292 586 1326 est.
661 1285 913 1325 Contradicit
951 1286 1174 1333 Oehle'rus,
1220 1285 1292 1324 sed
1340 1287 1397 1325 ita
1439 1293 1482 1326 ut
1534 1301 1584 1326 ne
1626 1287 1754 1326 audiri

269 1356 431 1413 quidem
462 1357 623 1396 debeat.
683 1355 797 1394 Idem
827 1369 917 1395 cum
942 1357 1045 1396 haec
1078 1359 1195 1394 ducat
1223 1359 1274 1394 aa
1303 1359 1466 1405 Appiam
1497 1360 1664 1396 moribus
1692 1360 1754 1396 bo-

268 1436 328 1470 nis
348 1443 493 1469 manca
513 1441 603 1466 esse
624 1432 797 1479 putaret,
819 1440 841 1464 e
857 1428 1038 1479 proximo
1065 1429 1164 1475 Viry.
1182 1430 1274 1465 Aen.
1300 1427 1436 1466 elicuit.
1456 1431 1650 1477 viryitzem,
1672 1441 1754 1466 non

269 1503 355 1541 sine
375 1500 512 1553 specie
534 1498 732 1546 veritatis,
751 1496 824 1535 sed
843 1503 978 1536 tamen
995 1496 1334 1550 improbabiliter:
1362 1512 1436 1550 ego
1458 1512 1508 1537 ne
1531 1498 1753 1537 desiderari

269 1571 430 1625 quidem
468 1570 683 1622 quicquam
714 1567 916 1607 concedoz
955 1567 1098 1620 quodsi
1129 1572 1264 1606 tamen
1295 1568 1592 1608 substantivum
1620 1569 1752 1621 requi-

269 1647 393 1688 ratur,
424 1653 494 1678 cur
524 1638 565 1677 id
595 1638 728 1689 potius
759 1637 1013 1677 librariorum
1039 1638 1158 1690 culpa
1177 1652 1297 1691 quam
1319 1640 1440 1677 Nonii
1463 1640 1612 1678 delicto
1634 1641 1751 1678 omis-

270 1725 357 1751 sum
386 1708 602 1762 putemus?
654 1709 799 1761 Itaque
819 1711 886 1748 'sic
915 1710 985 1748 illa
1015 1710 1098 1760 legi
1128 1723 1176 1748 ac
1207 1709 1400 1759 distingui
1431 1716 1638 1761 poterunt:

942 1793 991 1817 an
1020 1782 1132 1817 eciam
1161 1783 1196 1818 si
1220 1781 1424 1818 m'edivissel
1450 1781 1613 1819 re'ddere

470 1852 657 1889 Po'tuisset
686 1852 839 1889 mulieri
867 1853 1049 1889 tetricae?
1091 1852 1218 1889 Dv'ccat
1249 1854 1309 1888 aio
1340 1853 1391 1888 ad
1416 1845 1590 1898 'Appiam

469 1923 641 1960 Mo'ribus
671 1922 789 1960 bonis.

267 1994 426 2032 Inserui
458 1996 539 2031 aio.-
577 1980 711 2043 potest
752 1991 926 2029 fortasse
966 1991 1047 2029 alia
1075 2005 1157 2030 vox
1187 1990 1239 2030 ad
1270 1990 1536 2030 stabiliendos
1566 2004 1751 2030 numeros

267 2064 419 2103 inferri.

379 2135 553 2184 Pergam
597 2135 823 2185 promiscue
866 2131 1067 2185 quaedam
1115 2130 1292 2170 nondum
1333 2133 1615 2172 suscitatorum
1661 2145 1750 2172 ver-

269 2216 383 2241 suum
413 2203 600 2255 exempla
629 2217 833 2256 apponere
865 2216 913 2241 ex
947 2204 1004 2240 eis
1035 2203 1274 2254 praesertim
1307 2204 1453 2241 saturis
1484 2203 1623 2254 petita,
1650 2215 1751 2254 quas

274 2287 353 2311 non
391 2273 512 2324 plene
551 2287 599 2312 ac
630 2275 767 2314 dedita
798 2287 921 2326 opera
951 2272 1222 2325 pertractabo,
1282 2278 1481 2311 Aomnoms
1511 2275 1561 2312 fr.
1586 2279 1608 2314 3
1645 2272 1751 2324 apud

266 2344 441 2382 Nonium
487 2357 527 2395 p.
566 2350 654 2394 400,
703 2351 748 2386 14
795 2346 852 2383 ita
892 2345 1060 2395 legitur:
1117 2346 1169 2382 Et
1214 2348 1334 2393 pueri
1379 2347 1419 2383 in
1468 2346 1625 2382 aedibus
1667 2355 1750 2381 sae-

260 2417 354 2461 pius
389 2415 552 2461 pedibus
589 2417 799 2463 offensam,
845 2417 933 2453 dum
968 2421 1140 2453 recentes
1173 2421 1337 2453 musicos
1373 2417 1412 2453 in
1453 2417 1635 2452 carnario
1663 2416 1751 2462 flui—

266 2489 349 2520 tare
383 2486 607 2531 suspiciunt.
667 2485 718 2522 In
756 2498 834 2537 quo
873 2485 980 2537 quod
1011 2484 1208 2524 Oehlerus
1239 2497 1328 2522 cum
1357 2483 1660 2534 Laurenbergio
1686 2497 1748 2522 re-

267 2554 394 2592 stituit
435 2556 650 2602 fluitante8‚
701 2553 838 2593 dubito
884 2554 935 2593 de
965 2555 1210 2593 necessitate
1252 2555 1524 2593 correctionis.
1583 2555 1752 2592 Musteus

268 2622 375 2675 quod
419 2614 634 2679 Turnebus
672 2625 712 2662 in
745 2624 989 2663 adversariis
1027 2624 1220 2663 XXVIII
1256 2630 1300 2664 12
1339 2623 1389 2663 de
1420 2615 1592 2664 caseolis
1619 2622 1747 2661 molli-

266 2693 341 2732 bus
388 2700 429 2732 et
471 2695 622 2733 teneris
660 2695 880 2746 intellegit,
923 2695 1196 2746 potuit-apte
1225 2693 1388 2747 quidem
1430 2694 1480 2733 de
1515 2701 1635 2732 caseo
1667 2692 1746 2730 dici

266 2772 473 2804 musteum.-
509 2771 553 2804 ut
584 2765 740 2804 Plinius
769 2765 835 2804 XI
857 2771 921 2807 97:
965 2768 1051 2803 laus
1079 2776 1190 2802 caseo
1213 2766 1357 2803 Romae
1388 2795 1395 2802 .
1429 2794 1437 2802 .
1467 2794 1475 2802 .
1515 2765 1584 2801 sed
1599 2764 1744 2810 ‚brevia

267 2848 313 2873 ac
343 2842 485 2874 musteo
515 2842 660 2874 tantum
684 2838 969 2874 commendatio.
1027 2835 1146 2873 Nunc
1175 2834 1399 2872 carnarium
1427 2834 1560 2886 potius
1592 2832 1642 2871 de
1673 2846 1744 2884 pe-

265 2905 479 2944 tasonibus·
496 2906 666 2956 cogitari
684 2905 840 2945 suadet.
878 2905 946 2944 Sic
969 2905 1167 2943 Martialis
1190 2905 1301 2945 XIII
1328 2912 1372 2960 55
1394 2904 1434 2942 in
1456 2908 1716 2954 petasonem:
1742 2924 1746 2928 -

877 3033 892 3048 b
