1898 3236
749 246 1094 280 comssc‘rtmm.
1582 238 1665 280 203

181 358 345 396 iunctae
387 369 477 395 cum
514 355 743 394 constantia
779 353 1007 394 diversitati
1035 352 1355 392 testimoniorum
1384 352 1585 401 sufficiat,
1604 366 1665 392 eo

183 427 440 475 deducimur,
484 432 548 475 ut,
586 426 621 464 si
653 424 816 477 quidem
845 429 1007 463 saturae
1037 437 1118 462 non
1146 428 1283 475 potest
1310 437 1394 462 non
1421 423 1573 476 duplex
1605 425 1664 463 in-

182 497 346 550 scriptio
379 498 518 544 fuisse,
547 495 697 535 bonam
725 500 880 547 partem
914 507 936 532 e
965 507 1132 533 numero
1162 498 1391 532 saturarum
1416 507 1523 547 quae
1543 494 1667 545 vulgo

181 569 346 608 habitae
387 574 481 608 sunt
526 566 815 607 secludendam
849 577 1099 604 censeamus.
1164 565 1230 604 De
1272 564 1667 617 pseudotragoediis,

182 653 287 692 quae
332 654 414 679 non
455 639 578 678 facile
617 637 820 691 duplicem
862 650 913 675 ex
954 636 1032 675 hoc
1072 649 1224 687 genere
1269 636 1430 675 titulum
1466 636 1667 685 ferebant,

182 723 307 762 supra
337 711 496 750 monui:
536 715 660 763 atque
700 722 781 747 una
818 720 909 746 cum
937 707 1001 747 his
1026 706 1125 746 licet
1153 706 1356 759 quaedam
1384 708 1669 760 inscriptiones

180 794 261 819 non
285 781 607 834 improbabiliter
635 780 793 834 possint
821 778 873 818 ad
899 778 1011 817 aliud
1039 791 1168 829 genus
1189 776 1391 824 ‚librorum
1420 779 1577 826 referri,
1610 784 1669 817 ta-

180 865 275 891 men
308 853 522 904 quominus
556 866 695 892 omnes
729 864 834 905 quae
865 850 1072 903 simplices
1102 854 1258 888 tantum
1288 863 1312 888 a
1339 849 1474 888 Nonio
1504 848 1669 888 tradun-

181 930 247 962 tur
282 925 567 976 inscriptiones
606 937 630 962 a
663 923 811 962 saturis
846 922 991 975 procul
1022 920 1268 969 habeamus,
1308 919 1434 960 Gellii
1462 920 1667 972 Pliniique

182 996 402 1034 auctoritas
428 993 576 1041 obstat,
608 1006 778 1046 quorum
804 993 871 1032 hic
902 993 945 1031 in
972 992 1171 1032 naturalis
1194 991 1388 1031 historiae
1410 992 1667 1043 praefatione

180 1065 210 1116 ἓ
236 1071 284 1106 24
317 1066 463 1106 satiras
490 1066 656 1104 vocavit
687 1064 943 1105 Sesculixem
974 1069 1015 1103 et
1043 1063 1351 1103 Flextabulam:
1390 1061 1500 1102 unde
1529 1056 1668 1102 nescio

181 1151 302 1190 quam
346 1135 613 1189 probabiliter
654 1135 800 1189 aliquis
835 1134 1138 1187 proficiscatur,
1184 1139 1229 1172 ut
1263 1133 1409 1173 eadem
1448 1132 1551 1181 fide,
1590 1147 1670 1186 qua

181 1207 438 1246 Flaxtabulis
469 1205 610 1246 addita
639 1203 731 1258 περὶ
760 1202 960 1256 ἐπαρχιῶν
990 1205 1118 1244 fuisse
1147 1203 1273 1243 Nonii
1301 1204 1545 1242 testimoniis
1575 1217 1668 1243 con·

184 1285 287 1327 stet,
325 1279 450 1319 etiam
477 1277 728 1330 Sesquiulixi
757 1290 949 1328 graecum
983 1268 1162 1328 aliquem
1190 1275 1416 1325 argumenti
1446 1274 1670 1315 indiculum

183 1350 457 1390 adiiciendum
495 1363 587 1388 esse
621 1348 831 1402 approbet.
892 1348 1054 1388 Gellius
1095 1352 1232 1386 autem
1266 1346 1333 1384 III
1364 1352 1413 1387 18
1452 1338 1670 1386 Ἱπποκύνα

183 1436 275 1466 6536
305 1422 567 1474 Menippeam
602 1426 794 1467 testatur,
833 1433 964 1472 quam*
982 1418 1140 1458 Nonius
1170 1430 1329 1470 quoque
1359 1416 1487 1455 semel
1517 1416 1591 1456 sed
1619 1417 1672 1456 de

183 1495 264 1533 alio
297 1495 545 1544 fragmento,
586 1493 684 1531 item
708 1491 787 1530 hoc
820 1504 900 1529 uno
929 1489 1065 1529 indice
1092 1490 1292 1542 apposite,
1324 1502 1420 1527 usus
1452 1494 1528 1528 est.
1587 1489 1668 1528 Re-

182 1566 384 1618 liquarum
418 1563 659 1616 simplicium
696 1563 1024 1615 inscriptionum,
1062 1575 1162 1615 quas
1200 1561 1254 1600 ad
1279 1566 1439 1599 saturas
1465 1561 1670 1612 pertinere

182 1635 424 1675 testimoniis
464 1639 643 1682 constat,
673 1633 788 1673 nulla
817 1634 926 1687 apud
951 1634 1129 1673 Nonium
1156 1632 1342 1671 occurrit.
1402 1631 1487 1671 Sed
1515 1645 1567 1670 ex
1590 1624 1669 1670 Ἱπ-

182 1705 333 1745 ποκυνί
361 1719 542 1753 exorsus,
573 1718 664 1744 cum
696 1707 937 1757 praesertim
967 1705 1091 1744 etiam
1112 1698 1336 1754 ’Τδροκύνα
1367 1702 1476 1742 idem
1508 1702 1669 1742 Gellius

183 1779 295 1817 XIII
323 1785 366 1819 31
393 1777 656 1829 Menippeam
684 1777 908 1824 vocaverit,
940 1775 992 1814 ob
1026 1775 1310 1826 cognationem
1340 1774 1550 1815 titulorum
1578 1788 1670 1826 pro·

184 1849 375 1888 habiliter
403 1847 632 1899 Menippeis
659 1845 932 1885 vindicaveris
963 1847 1086 1886 etiam
1119 1845 1366 1899 Κυνίστορα,
1396 1841 1671 1896 Κυνορήτορα,

185 1913 597 1965 Κυνοδιδασκᾶλικον,
642 1918 730 1957 sive
768 1918 844 1956 fuit
880 1913 1248 1968 Κυνοδιδοὶσκαλος,
1293 1918 1513 1971 Cynicum,
1559 1916 1671 1955 deni-

184 2005 263 2044 que
303 1982 448 2039 Ταφὴν
487 1988 729 2038 Μενίππου,
774 2001 943 2041 quarum
987 1989 1142 2028 nullam
1183 1995 1361 2028 saturam
1405 1988 1474 2027 vel
1513 1988 1671 2040 Menip-

184 2077 304 2116 peam
345 2075 437 2101 esse
475 2063 690 2115 quisquam
718 2065 892 2099 testatus
930 2066 1006 2099 est.
1065 2060 1131 2098 Ac
1158 2054 1506 2105 Κυνοδιδᾶσκαλος
1534 2072 1671 2097 rursus

186 2136 238 2174 de
262 2126 660 2186 Γεροντοδιόασκᾶλῳ
689 2131 812 2170 fidem
836 2131 974 2178 faciat,
1006 2130 1357 2183 quemadmodum,
1390 2143 1482 2169 cum
1502 2129 1555 2169 de
1576 2129 1670 2169 Ses-

185 2205 367 2259 quiulixe
401 2208 559 2242 constet
595 2202 826 2240 testimonio
865 2206 1045 2240 saturam
1070 2201 1220 2250 fuisse,
1258 2201 1367 2241 idem
1398 2202 1592 2240 coniicias
1622 2200 1674 2240 de

185 2277 394 2322 Bimarco,
429 2274 463 2313 si
501 2273 599 2326 quid
635 2272 723 2311 veri
749 2272 922 2323 tetigero
954 2259 1007 2310 de
1036 2285 1086 2311 ea
1113 2273 1270 2311 ratione
1300 2287 1407 2326 quae
1436 2274 1542 2312 inter
1569 2272 1672 2312 haec

186 2346 386 2400 opuscula
430 2344 712 2384 intercessisse
758 2343 958 2382 videatur.
1039 2344 1166 2382 Porro
1220 2344 1431 2383 Bimarcus
1483 2343 1674 2383 admonet

186 2418 449 2470 Marciporis,
487 2422 528 2455 et
565 2416 696 2454 ascita
732 2415 996 2467 inscriptione
1026 2409 1294 2466 Μαρκόπολις
1323 2413 1416 2467 περὶ
1441 2408 1584 2466 ἀρχῆς,
1620 2427 1673 2453 ne

186 2491 278 2530 illas
317 2489 480 2542 quidem
519 2486 824 2526 addubitaveris
854 2492 1014 2526 saturas
1043 2486 1191 2534 fuisse,
1239 2495 1484 2540 quamquam
1511 2500 1592 2526 non
1624 2499 1672 2524 eo

188 2574 348 2614 quoque
375 2559 515 2599 valere
541 2571 631 2597 eam
661 2559 943 2609 cognationem
973 2557 1266 2606 concesserim,
1305 2563 1350 2596 ut
1382 2571 1472 2596 cum
1501 2549 1673 2607 Μαρκό-

187 2633 299 2678 πολις
328 2629 480 2669 habeat
509 2629 691 2686 additum
720 2630 944 2682 argumenti
974 2628 1214 2676 indiculum,
1244 2642 1297 2668 ne
1325 2630 1556 2668 Bimarcum
1586 2629 1672 2681 qui-

189 2702 281 2740 dem
320 2706 362 2740 et
400 2701 672 2753 Marciporem
710 2714 758 2740 eo
800 2700 979 2739 caruisse
1012 2700 1288 2739 additamento
1321 2699 1545 2739 credamus.
1605 2699 1672 2737 Sic

189 2785 280 2811 cum
316 2785 396 2810 non
434 2771 664 2809 testimonio
702 2770 866 2823 quidem
900 2769 974 2809 sed
1007 2770 1180 2823 duplicis
1209 2771 1484 2823 inscriptionis
1513 2769 1671 2808 ratione

187 2844 293 2881 inter
323 2847 480 2881 saturas
510 2840 767 2892 Octogessim
795 2837 885 2891 περὶ
915 2836 1165 2891 νομισμάτων
1193 2841 1434 2888 habeamus,
1462 2840 1674 2893 probabile

189 2919 253 2952 est
289 2913 412 2951 etiam
448 2912 710 2963 Sexagessim
741 2918 940 2960 saturam,
977 2926 1059 2951 non
1086 2914 1185 2951 item
1218 2911 1374 2951 duabus
1402 2911 1671 2962 inscriptioni-
