1898 3236
213 287 266 327 54
617 271 622 281 ’
680 340 683 342 .
779 293 1124 325 comum-mm.

198 401 406 448 -restituit,
455 399 563 453 quod
598 411 704 437 nunc
733 397 948 437 Leidensis
967 404 1026 437 'et
1054 398 1200 451 reliqui
1250 397 1488 451 approbant.
1546 391 1692 453 ftaque

214 469 442 510 sententiae
471 469 576 507 bene
611 469 848 526 consulitur,
879 468 936 507 ita
965 469 999 508 si
1029 469 1234 508 scribitur:
1281 471 1333 508 Et
1362 480 1438 507 rex
1463 474 1500 506 et
1527 454 1692 509 misellus

211 543 273 580 ille
295 552 456 588 pauper·
474 545 579 578 amat
596 541 783 588 habetque
798 543 920 588 iynem
939 542 1041 578 intus
1060 553 1211 579 acrem.-
1239 542 1300 579 hic
1314 541 1497 590 ephebum
1514 542 1692 579 muliera-

214 614 274 657 υἰέ,
304 613 365 650 hic
385 613 437 649 ad
455 610 663 648 moecbada
679 611 958 649 adulescentem
975 614 1187 651 cubiculum
1204 615 1368 661 pudoris
1379 613 1531 660 primus
1541 612 1690 659 polluit.

212 682 372 734 Nempe
398 680 506 720 idem
531 681 618 720 fere
641 681 772 719 Varro
798 681 905 733 quod
927 682 1120 722 Horatius
1145 682 1244 722 dixit
1267 682 1309 721 in
1330 682 1476 721 saturis
1499 682 1521 720 I
1542 686 1577 730 4,
1597 686 1640 722 27
1652 695 1661 720 :
1705 708 1707 710 -
1892 698 1898 728 t

415 773 490 810 Hic
519 777 727 821 nuptarum
758 775 899 811 insanit
928 776 1139 820 amoribus,
1169 775 1230 812 bic
1252 785 1475 822 puerorum.

213 861 414 902 Oehlerus
442 861 548 901 enim
578 862 665 900 fere
692 861 930 911 incredibile
960 869 1022 902 est
1057 872 1249 917 quantum
1280 864 1321 902 in
1356 864 1446 915 ipsa
1478 862 1571 901 luce
1602 875 1691 901 cae-

212 932 420 980 cutiverit,
463 933 530 985 qui
570 938 610 971 et
644 934 822 982 effoetum
860 933 1017 982 scribit,
1064 940 1105 973 et
1139 934 1382 973 ‘cubiculum
1417 933 1597 985 pudoris’
1637 933 1696 971 ait

211 1003 296 1040 ‘aut
318 1007 379 1041 est
409 1002 646 1050 cubiculum,
678 1003 786 1056 quod
814 1004 932 1043 homo
953 1003 1123 1057 pudicus
1146 1005 1357 1054 inhabitat,
1386 1009 1455 1042 aut
1478 1003 1585 1057 quod
1609 1014 1692 1042 ma*-

210 1073 272 1124 gis
302 1078 451 1125 putem,
484 1073 634 1112 dictum
662 1080 724 1114 est
748 1088 820 1127 pro
849 1074 1002 1127 pudore
1024 1074 1092 1115 vel
1120 1074 1284 1127 pudoris
1315 1074 1427 1114 sede.
1464 1074 1692 1113 Nam‘ado-

209 1144 402 1183 lescentis
442 1139 586 1197 corpus
621 1145 754 1184 adhuc
792 1152 997 1199 tamquam
1033 1145 1151 1184 sedes
1189 1146 1476 1198 pudorisest?
1534 1145 1693 1197 Nempe

209 1228 262 1255 ne
286 1214 388 1254 vidit
413 1215 574 1269 quidem
603 1219 810 1256 moecbadu
840 1221 1117 1257 adulescentem
1148 1217 1335 1268 coniungi
1357 1222 1556 1271 oportere,
1588 1230 1694 1269 quae

211 1291 273 1325 est
303 1300 410 1325 nova
438 1293 575 1339 nupta,
608 1301 725 1340 quam
756 1288 946 1327 moechus
972 1288 1152 1337 ‘primus'
1185 1288 1412 1340 corrumpit.
1474 1290 1693 1327 Cubiculum

205 1360 368 1406 pudoris
406 1364 540 1396 autem
573 1358 743 1396 honeste
784 1356 932 1398 dictum
967 1373 1039 1411 pro
1071 1358 1270 1398 thalamo:
1315 1365 1359 1398 ut
1391 1360 1560 1412 pulchre
1589 1360 1693 1398 inter

210 1441 254 1466 se
293 1434 545 1480 opponantur
582 1433 803 1476 amatores,
844 1443 1009 1482 quorum
1041 1429 1144 1468 alter
1173 1428 1349 1467 nondum
1384 1429 1690 1481 devirginatum,

209 1505 254 1537 ut
283 1512 372 1537 cum
398 1500 582 1538 Varrone
613 1500 779 1551 loquar,
818 1513 998 1552 puerum,
1031 1512 1159 1537 novas
1188 1504 1335 1550 nuptas
1366 1505 1544 1538 sectatur
1574 1500 1690 1538 alter.

209 1569 291 1608 Sed
323 1569 446 1609 redeo
478 1570 532 1610 ad
560 1583 713 1617 versus,
748 1584 847 1623 quos
877 1575 973 1622 puto
1005 1569 1062 1608 sic
1091 1569 1178 1608 sine
1208 1569 1429 1608 offensione
1457 1570 1560 1621 legi:

411 1642 462 1699 Et
490 1673 564 1699 rex
594 1666 629 1698 et
661 1661 828 1699 mise'llus
855 1663 916 1699 ille
937 1662 1095 1709 pauper
1120 1666 1225 1697 amat
1252 1660 1450 1709 iyne'mque
1475 1663 1586 1699 babet

413 1715 519 1770 intus
547 1744 699 1770 acrem.-
732 1731 957 1780 ephe'bulum
987 1732 1049 1769 bic
1077 1730 1275 1775 mulz'erat,
1308 1732 1369 1768 hic
1398 1734 1450 1769 ad
1485 1732 1692 1771 moe'chada
1892 1715 1898 1790 3

409 1795 702 1845 'Adulescentem
732 1805 945 1841 cubiculum
968 1802 1134 1850 pudo'ris
1156 1804 1309 1850 primus
1333 1803 1480 1850 pdlluit.

207 1891 257 1930 In
288 1892 415 1943 primo
453 1896 651 1942 i9nemque
677 1895 787 1931 habet
813 1891 1043 1944 transposui
1070 1905 1142 1943 pro
1173 1894 1358 1941 habetque
1387 1895 1530 1941 iynem:
1565 1892 1607 1931 in
1633 1893 1690 1931 al-

208 1967 294 2000 tero
325 1975 375 2001 ex
409 1965 588 2012 esebitum
613 1964 804 2006 librorum
835 1963 962 2002 ascivi
993 1967 1227 2002 consueta-m
1253 1962 1427 2002 Varroni
1457 1963 1692 2002 deminutivi
1892 1981 1898 2019 3

210 2033 399 2071 formam:
446 2042 661 2085 praeterea
691 2035 834 2088 scripsi
862 2037 1042 2073 mulierat
1067 2033 1290 2087 praesenti,
1327 2033 1436 2086 quod
1466 2034 1691 2087 sententiae
1891 2034 1898 2080 ἱ

211 2105 418 2153 convenit,
467 2106 585 2158 eique
622 2108 683 2144 bic
713 2119 951 2158 ,pronomen
983 2104 1185 2156 praemisi.
1245 2105 1337 2143 Non
1374 2118 1519 2143 vereor
1546 2117 1597 2143 ne
1628 2105 1691 2143 cui

208 2175 286 2213 hoc
317 2176 481 2215 nimium
511 2175 733 2214 machinari
757 2175 807 2214 ob
838 2181 966 2215 metra
993 2174 1191 2223 videatur,
1221 2175 1382 2228 quando
1402 2176 1591 2223 numeris,
1622 2176 1690 2228 qui

209 2251 272 2284 sat
302 2247 422 2286 certis
453 2247 611 2286 indiciis
639 2246 873 2299 produntur,
904 2260 970 2286 res
994 2247 1083 2298 ipsa
1111 2246 1243 2299 poscit
1274 2246 1473 2286 satisfieri.

323 2495 497 2534 Promisi
528 2508 649 2547 supra
678 2508 742 2533 me
772 2494 965 2546 reliquias
996 2494 1079 2533 eius
1109 2500 1285 2542 saturae,
1317 2495 1382 2533 cui

824 2583 1077 2617 MELEAGRI

209 2664 460 2712 inscribit-ur,
507 2678 576 2703 suo
623 2663 784 2712 ordine,
837 2664 972 2717 quoad
1016 2665 1131 2712 licet,
1186 2665 1478 2717 dispositurum.
1550 2664 1602 2702 In
1639 2676 1688 2702 ea

209 2737 339 2776 Varro
367 2735 500 2775 studia
527 2734 705 2774 venandi
735 2735 925 2786 exagitat,
955 2741 1000 2774 ut
1028 2750 1155 2789 nuper
1174 2735 1422 2775 Mercklinus
1445 2722 1686 2773 convenien-

209 2813 272 2845 ter
312 2811 547 2857 argumento
594 2803 684 2858 περὶ
723 2800 854 2858 θήρας
890 2807 1015 2847 fuisse
1061 2809 1230 2847 alteram
1267 2807 1351 2845 eius
1387 2805 1687 2857 inscriptionem

210 2878 440 2917 coniecerit.
505 2878 731 2930 Eidemque
775 2877 836 2915 rei
865 2884 1023 2930 'aptum
1073 2891 1165 2917 esse
1208 2877 1504 2927 Meleagrorum
1541 2890 1686 2915 nomen

207 2948 348 2997 scient,
375 2949 444 3001 qui
475 2948 647 2988 celebris
676 2948 841 2988 fabulae
867 2949 918 2988 de
947 2949 1033 3002 apri
1064 2948 1280 3001 Calydonii
1308 2947 1526 2986 venatione
1551 2947 1687 2987 memi-
