1898 3236
747 238 1090 270 communes.
1606 230 1659 270 25

382 347 457 392 Qui
481 347 575 384 be'ne
605 348 784 384 vertendo
813 351 849 383 et
879 345 1032 383 eusdem
1059 346 1259 383 scribendo
1288 347 1386 382 male
1419 356 1471 382 ex

382 419 542 456 Graecis
570 419 678 456 bonis
707 417 868 455 Latinas
894 418 988 465 feci!
1016 417 1093 454 no'n
1121 417 1250 454 bonas.

177 508 245 547 ubi
272 508 368 547 vide
398 507 701 547 adnotationem
724 506 920 546 Bentleii..
971 505 1131 544 Ibidem
1152 511 1222 547 859
1247 505 1302 556 (V
1327 511 1370 554 2,
1399 504 1462 556 20)

580 601 648 636 vix
677 592 734 635 n'ze
762 598 935 643 contineo
963 599 1054 645 quin
1083 597 1242 635 involem
1267 599 1307 633 in

379 669 568 718 Capillum

176 761 281 799 alia:
332 773 427 799 nam
463 759 676 798 Bentleius
723 758 853 797 voluit
892 758 1063 797 eandem
1110 758 1310 796 rationem
1348 758 1471 796 etiam
1505 759 1546 796 in
1583 758 1664 797 alia

176 829 463 882 monosyllaba
488 830 651 878 valere,
682 836 725 868 ut
752 843 818 875 ac,
849 834 934 871 aut,
962 835 1017 875 et,
1056 842 1108 867 ne
1139 833 1253 877 atque
1281 828 1446 880 quidem
1475 834 1662 880 excepto.

175 900 259 939 Sed
297 914 347 939 ea
383 901 517 939 omnia
553 899 749 939 Alfredus
783 899 1080 939 Fleckeisenus
1121 914 1145 938 a
1186 899 1429 938 nitidissimo
1467 913 1538 937 suo
1578 900 1663 937 eius

176 971 317 1009 comici
349 971 535 1024 exemplo
561 971 703 1023 procul
732 970 887 1010 habuit.
939 972 1029 1011 Nec
1054 970 1162 1023 apud
1182 971 1358 1012 Ennium
1382 969 1545 1022 quidem
1565 969 1662 1008 Rib-

173 1040 344 1079 beckius

648 1126 717 1163 ope
746 1125 831 1151 mea
858 1125 910 1151 eac

375 1183 544 1222 Ince'rcis
572 1191 698 1223 certos
727 1186 994 1234 compotesque
1023 1186 1160 1223 consili

173 1273 475 1324 tragoediarum
501 1274 618 1328 reliq.
649 1289 688 1315 V.
718 1282 782 1318 187
814 1290 875 1328 sq.
899 1275 1078 1328 pertulit.
1125 1275 1298 1314 Varroni
1329 1274 1531 1313 concessit
1560 1274 1660 1312 Mei-

173 1345 318 1383 nekius
347 1345 421 1384 hos
450 1360 593 1385 versus
624 1351 713 1384 Cass
739 1351 852 1384 Ounno
878 1353 988 1384 Honnz
1013 1351 1114 1383 Num.
1150 1346 1200 1383 fr.
1230 1352 1249 1384 1

287 1435 432 1482 Quibus
452 1439 638 1476 instabilis
664 1438 815 1476 unimus
843 1441 986 1476 ardens
1008 1439 1240 1475 mutabiliter
1266 1436 1351 1479 ‹ivet
1373 1437 1515 1474 habere
1539 1442 1576 1473 et

288 1509 374 1546 No'n
403 1509 546 1545 habere
572 1508 798 1556 fdstidiliter
827 1510 1063 1548 inconstanti
1083 1509 1254 1557 pectore.

175 1608 259 1647 Sed
295 1622 347 1647 ne
383 1608 462 1646 hoc
500 1607 663 1661 quidem
703 1611 911 1663 exemplo,
961 1612 995 1649 si
1036 1608 1251 1662 probatur,
1298 1609 1510 1660 Roeperus
1552 1622 1665 1646 suum

173 1678 278 1717 illud
314 1679 473 1718 firmare
510 1681 672 1731 poterit.
739 1681 926 1720 Alterum
970 1663 1106 1720 autem
1149 1693 1311 1719 suorum
1347 1693 1537 1718 versuum
1576 1692 1664 1716 cum

172 1748 301 1787 tribus
333 1749 569 1790 elisionibus
608 1751 858 1800 distinxerit,
905 1752 1008 1791 duae
1050 1766 1192 1805 parum
1230 1751 1478 1802 elegantiam
1520 1764 1665 1789 versus

172 1819 388 1868 adiuvant,
434 1822 555 1859 tertia
597 1822 701 1861 adeo
748 1823 898 1862 vitiosa
950 1830 1011 1862 est
1053 1838 1124 1872 ea,
1177 1838 1258 1877 qua
1303 1821 1508 1862 ‘iambicae
1550 1822 1663 1861 vocis

171 1894 252 1930 loco
290 1891 454 1930 finalem
492 1893 600 1931 coire
638 1906 727 1931 cum
764 1893 882 1933 brevi
918 1895 1081 1948 syllaba
1113 1896 1243 1934 iussit.
1312 1896 1471 1946 Nempe
1511 1894 1664 1946 sprevit

172 1961 423 2000 Lachmanni
447 1964 703 2012 sententiam,
731 1966 800 2017 qui
828 1965 879 2003 ad
899 1966 1080 2004 Lucretii
1098 1966 1164 2005 III
1180 1971 1245 2008 941
1272 1966 1441 2004 ‘nullus'
1468 1967 1524 2005 ait
1551 1967 1663 2018 ‘poe-
1696 1976 1699 1979 ·

170 2039 302 2071 tarum
325 2039 489 2084 praeter
513 2040 676 2073 veteres
701 2037 914 2074 scaenicos
942 2036 1231 2076 vocabulorum
1254 2036 1521 2076 'iambicorum
1541 2051 1663 2076 voca-

171 2103 254 2142 lem
287 2109 508 2142 extremam
545 2118 635 2143 cum
668 2104 784 2144 brevi
825 2107 989 2159 syllaba
1025 2108 1249 2160 copulavit'
1265 2123 1273 2146 :
1314 2114 1355 2146 et
1390 2108 1442 2153 ad
1484 2108 1666 2147 eiusdem

170 2173 263 2212 libri
292 2189 331 2213 v.
360 2179 429 2216 954
453 2189 493 2227 p.
526 2181 591 2217 199
614 2175 841 2216 Varronem
867 2179 973 2217 inter
999 2193 1069 2218 eos
1094 2183 1239 2231 poetas
1264 2186 1466 2227 recenset,
1499 2180 1567 2231 qui
1597 2178 1665 2217 ‘ab

171 2244 341 2283 elisione
362 2244 653 2283 vocabulorum
674 2246 945 2286 ‘iambicorum
975 2250 1135 2288 omnino
1161 2249 1472 2288 abstinuerunt’.
1525 2249 1589 2290 Cf.
1612 2249 1663 2288 de

172 2315 353 2354 eiusdem
370 2316 551 2354 elisionis
566 2329 642 2353 usu
657 2316 714 2354 M.
730 2317 934 2369 Hauptius
951 2319 993 2357 in
1010 2318 1362 2359 observationibus
1382 2321 1533 2358 criticis
1551 2334 1593 2372 p.
1608 2325 1665 2361 17.

171 2387 347 2438 Excepit
382 2385 660 2424 tantummodo
692 2386 977 2427 Lachmannus
1015 2389 1066 2428 de
1104 2389 1294 2428 Sotadeis
1324 2390 1403 2428 hoc
1434 2389 1664 2442 exemplum

172 2460 262 2506 equi
287 2457 486 2502 hinniunt,
517 2457 544 2495 l.
568 2470 602 2497 c.
625 2470 664 2509 p.
689 2463 755 2499 196
787 2456 900 2509 (vide
920 2459 1097 2499 indicem
1115 2460 1337 2499 lectionum
1359 2459 1443 2499 hib.
1464 2460 1602 2499 Berol.
1625 2474 1662 2498 a.

174 2534 369 2570 1849—50
393 2541 433 2579 p.
454 2526 493 2579 4)
507 2557 516 2575 ,
549 2527 598 2566 de
624 2541 701 2580 quo
723 2542 836 2568 suam
859 2529 954 2568 mihi
975 2530 1187 2583 Roeperus
1209 2531 1452 2570 sententiam
1470 2544 1552 2569 non
1571 2544 1662 2582 pro-

173 2597 286 2637 bavit
314 2598 342 2636 l.
367 2611 402 2637 c.
432 2612 471 2650 p.
502 2603 570 2639 227
602 2605 642 2637 et
669 2613 710 2651 p.
736 2605 819 2642 571.
883 2601 1031 2653 Itaque
1072 2614 1162 2639 cum
1196 2614 1247 2639 ne
1284 2601 1463 2652 Roeperi
1500 2600 1664 2653 quidem

174 2669 323 2707 senarii
350 2668 525 2719 legentis
556 2670 731 2708 animum
762 2670 978 2722 expleant,
1015 2670 1419 2723 circumspiciendum
1444 2678 1504 2711 est
1537 2671 1662 2718 aliud,

175 2738 335 2792 quando
375 2753 562 2778 numeros
594 2739 757 2792 quidem
787 2741 885 2780 satis
923 2747 1036 2781 certa
1066 2741 1217 2780 indicia
1246 2741 1435 2794 produnt.
1491 2743 1661 2794 Repono

148 2834 153 2838 -
175 2810 426 2862 septenarios
457 2810 706 2848 trochaicos:

290 2902 374 2938 No'n
406 2895 530 2939 vidisti
556 2901 803 2939 simulacrum
833 2903 952 2940 leo'nis
980 2905 1032 2941 ad
1056 2904 1166 2942 Idam
1197 2904 1239 2941 eo
1268 2905 1360 2948 loco,
