1898 3236
214 294 292 334 132
783 298 1107 329 commertium
1115 319 1125 329 .

212 406 391 458 Quorum
405 407 508 445 haec
520 411 722 457 postrema
741 417 762 442 e
779 403 963 442 Terentii
979 403 1222 442 Phormione
1242 409 1315 446 841,
1329 416 1390 456 sq.
1406 408 1565 454 sumpta
1583 409 1695 441 sunt:

210 478 420 528 Roeperus
442 477 561 513 etiam
586 475 794 526 superiora
818 480 944 512 metro
974 473 1196 512 dimetitur:
1225 474 1333 527 quod
1358 480 1494 513 tamen
1521 473 1589 512 vel
1609 474 1699 525 ipsa

210 548 410 598 scriptura
435 547 630 585 incertum
654 545 850 584 redditur.
871 545 983 583 <Nam
1000 551 1044 583 ut
1060 544 1181 594 vulgo
1206 545 1280 583 illa
1301 544 1529 583 scribuntur
1552 544 1595 590 Q.
1616 545 1697 582 Clo·
1727 569 1729 571 -

209 621 316 655 cliani
340 618 448 666 foria
479 615 565 668 (vel
583 618 726 666 for-ias)
750 630 796 654 ac
812 630 867 665 p.‚
896 617 952 654 ita
972 621 1081 654 certe
1099 628 1179 653 non
1204 629 1228 653 a
1248 616 1431 654 Varrone
1452 614 1562 653 edita
1584 620 1697 652 sunt:

209 701 286 726 nec
317 687 492 726 debebat
527 688 621 726 hinc
653 686 839 726 Clodiani
874 686 1044 725 nominis
1065 686 1204 742 'forma
1233 686 1422 725 fidentius
1453 686 1495 724 in
1529 685 1699 724 alterum

210 772 370 811 quoque
401 759 670 809 fragmentum
691 758 842 796 inferri.
886 757 944 796 Ut
965 756 1116 795 futtilia
1140 769 1231 809 esse
1254 761 1462 808 appareat,
1484 769 1592 808 quae
1625 754 1697 793 sub

209 829 367 866 nomine
393 827 668 880 Quinctiporis
693 827 880 867 Clodiani
897 827 1086 877 leguntur
1103 828 1144 866 in
1163 826 1306 866 Orellii
1330 826 1578 865 onomastico
1598 825 1696 863 Tul-

207 899 328 938 liano.
368 898 504 951 Atque
537 899 745 937 evanescit
774 899 900 937 omnis
932 897 981 936 de
1010 896 1208 936 Clodiano
1234 897 1437 947 cogitatio,
1464 897 1497 934 si
1518 909 1617 935 vera
1639 901 1700 934 est

209 968 449 1006 Mommseni
486 969 737 1017 emendatio,
786 982 905 1021 quam
951 965 1170 1006 vernacule
1213 967 1413 1018 expressit
1448 966 1541 1004 hist.
1581 966 1697 1004 Rom.

207 1037 274 1075 111
304 1052 344 1090 p.
375 1044 442 1079 585
473 1039 566 1078 adn.
627 1038 767 1078 Voluit
797 1039 902 1076 enim
933 1038 1035 1076 haec
1064 1038 1122 1074 ita
1147 1035 1288 1074 scribi:
1329 1038 1566 1084 Quintiporis
1596 1036 1702 1072 Clodi

209 1100 451 1156 anicfioras
481 1123 526 1147 ac
550 1114 726 1158 poemata
754 1111 835 1146 eius
861 1110 1139 1158 yarqaridians
1166 1109 1290 1144 dices.-
1326 1119 1361 1146 e.
1389 1120 1426 1158 q.
1456 1120 1487 1144 s.
1534 1106 1584 1143 In
1611 1105 1696 1157 qui-

207 1178 282 1217 bus
323 1192 412 1217 cum
448 1179 616 1231 pulchre
649 1180 857 1217 inventum
900 1178 950 1215 sit
980 1178 1189 1225 anaforas,
1229 1176 1418 1227 displicet
1452 1182 1588 1229 tamen
1617 1178 1699 1213 eius

209 1263 448 1301 pronomen:
483 1250 590 1302 quod
619 1250 705 1288 fere
733 1248 811 1286 duo
841 1248 967 1286 fuisse
997 1246 1192 1286 enuntiati
1217 1245 1394 1284 membra
1415 1246 1579 1294 indicat,
1610 1245 1695 1284 vel-

208 1328 251 1359 ut
284 1322 360 1359 hoc
394 1321 532 1359 modo:
576 1321 812 1367 Quintiporis
851 1320 957 1356 Clodi
993 1322 1104 1355 ante
1140 1318 1270 1365 foris
1307 1328 1389 1354 eas
1433 1329 1479 1355 ac
1520 1316 1697 1364 poemata

208 1396 289 1429 eius
317 1394 593 1441 yaryaridians
623 1392 740 1427 dicas.
793 1387 877 1427 Sed
903 1389 981 1426 hoc
1009 1393 1100 1426 utut
1133 1393 1207 1435 est,
1239 1387 1280 1425 in
1303 1392 1439 1425 nostro
1471 1386 1696 1436 fragmento

209 1465 316 1500 Clodi
344 1463 488 1501 mutari
518 1476 596 1500 non
627 1459 761 1499 debet.
807 1460 947 1508 fecerit
976 1459 1090 1496 Musa
1119 1458 1225 1496 Iunii
1258 1463 1331 1505 est,
1363 1457 1455 1495 libri
1482 1470 1522 1508 p.
1543 1462 1624 1503 448,
1654 1463 1696 1496 15
1721 1476 1729 1480 ·

205 1535 426 1582 fecerimus.
495 1533 688 1570 Edolandi
734 1529 903 1568 verbum
943 1533 1053 1566 extat
1092 1527 1213 1566 hodie
1250 1529 1289 1566 in
1320 1528 1441 1566 Ennii
1477 1535 1620 1576 versu,
1663 1527 1698 1564 si

209 1603 372 1655 quidem
401 1603 523 1641 Ennii
558 1607 669 1647 sunt,
717 1614 819 1652 quae
851 1600 892 1637 in
921 1597 1137 1649 Iphigenia
1166 1599 1253 1637 XII
1290 1597 1408 1649 (trag.
1442 1596 1527 1648 274)
1558 1597 1695 1648 posui:

208 1677 399 1721 extemplo
430 1675 578 1711 edolavi
603 1675 759 1709 iussum.
820 1671 869 1708 In
898 1683 975 1721 quo
1006 1670 1140 1708 mirari
1170 1684 1251 1708 non
1280 1670 1398 1717 licet,
1441 1668 1618 1706 Nonium
1642 1666 1696 1712 >de

211 1758 258 1783 eo
295 1743 420 1783 verbo
452 1743 644 1781 maluisse
678 1755 699 1779 e
733 1742 917 1780 Varrone
959 1752 1117 1777 sumere
1152 1741 1274 1779 Ennii
1311 1738 1552 1791 exemplum
1579 1751 1699 1791 quam

208 1816 339 1866 ipsum
365 1815 483 1852 huius
512 1824 675 1854 versum
703 1823 917 1862 apponere.
981 1809 1215 1848 Consimilia
1244 1823 1325 1848 non
1355 1824 1447 1848 rara
1477 1809 1586 1862 apud
1612 1810 1696 1848 No-

210 1886 319 1923 nium
347 1882 418 1935 (cf.
449 1898 489 1934 p.
523 1888 602 1929 188,
630 1887 687 1922 25.
724 1887 800 1928 113,
830 1887 886 1922 30.
918 1886 998 1927 261,
1030 1885 1053 1921 8
1075 1884 1115 1918 et
1135 1886 1191 1920 16.
1217 1886 1296 1927 551,
1319 1886 1342 1920 8
1363 1880 1449 1931 aL),
1483 1895 1586 1933 quae
1616 1866 1701 1919 non

213 1957 310 1994 satis
332 1954 536 2006 reputavit
562 1953 595 1995 I.
622 1951 675 1990 A.
693 1950 861 2002 Maehly
885 1949 995 2002 (ann.
1016 1949 1155 2001 philol.
1182 1949 1261 1988 vol.
1285 1963 1397 1988 Lxxv
1416 1965 1455 2003 p.
1475 1951 1575 2002 365),
1609 1965 1698 1990 cum

209 2039 319 2064 meas
340 2030 477 2077 partes
491 2008 645 2060 'contra
662 2020 930 2059 Ribbeckium
947 2021 1177 2058 sustineret.
1212 2022 1404 2058 Edolandi
1419 2020 1544 2059 verbo
1565 2022 1696 2060 Varro

211 2111 305 2135 usus
337 2101 399 2134 est
429 2099 643 2146 praeterea
672 2093 713 2130 in
738 2092 815 2130 hac
843 2091 982 2143 lepida
1007 2091 1209 2130 sententia
1235 2095 1420 2128 Mvsrssnus
1449 2091 1497 2129 fr.
1530 2097 1570 2133 7:
1604 2105 1692 2130 nas·

175 2171 332 2205 ‘cimur
371 2169 468 2204 enim
506 2166 686 2211 spissius,
735 2175 848 2210 quam
887 2165 1115 2200 emorimur:
1161 2164 1226 2199 vim
1267 2165 1341 2200 duo
1371 2164 1540 2200 homines
1570 2165 1695 2200 decem

173 2233 177 2235 Δ
209 2240 400 2276 mensibus
435 2237 623 2273 edolatum
654 2246 770 2271 unum
797 2235 963 2270 reddunt
988 2245 1175 2280 puerum.-
1208 2239 1343 2271 contra
1373 2247 1452 2271 una
1481 2237 1698 2281 pestilentia

209 2314 276 2346 aut
309 2310 454 2345 hostica
495 2308 599 2343 acies
635 2309 776 2352 puncto
817 2306 999 2358 temporis
1039 2306 1215 2341 immanis
1251 2308 1409 2341 acervos
1444 2305 1553 2352 facit.
1616 2304 1697 2356 Qui

211 2360 319 2430 quod
346 2379 388 2415 in
418 2380 564 2412 Bnmnm
597 2374 821 2424 fragmento
854 2374 1029 2412 Ennium
1065 2374 1226 2422 laudat,
1271 2373 1462 2424 putabam
1493 2375 1569 2412 hoc
1601 2375 1696 2413 olim

211 2449 262 2487 ad
291 2461 412 2499 unum
443 2444 633 2484 edolandi
663 2443 830 2481 verbum
858 2445 1085 2496 pertinere:
1117 2458 1240 2497 quare
1271 2445 1393 2483 Nonii
1424 2445 1695 2482 testimonium

211 2519 261 2558 ad
301 2517 414 2569 illum
451 2515 690 2569 Iphigeniae
726 2527 887 2552 versum
918 2515 1227 2572 adscripseram.
1289 2515 1440 2553 Contra
1468 2514 1569 2552 dixit
1597 2513 1694 2552 Rib-

209 2586 378 2640 beckius
414 2585 456 2621 in
494 2597 601 2622 novo
630 2597 768 2622 museo
801 2584 931 2623 Rhen.
962 2586 1005 2622 X
1033 2599 1070 2636 p.
1103 2590 1197 2632 287,
1239 2586 1307 2637 qui
1336 2598 1357 2622 e
1382 2584 1573 2623 Varronis
1604 2584 1695 2622 loco

211 2657 347 2706 colligi
381 2650 514 2706 putat,
554 2654 678 2692 talem
715 2655 890 2706 aliquam
920 2657 1042 2694 Ennii
1080 2656 1323 2695 locutionem
1362 2656 1455 2694 olim
1492 2655 1695 2693 extitisse:

207 2730 372 2766 libellum
406 2727 594 2774 (carmen)
627 2728 792 2763 edolare.
852 2727 971 2764 Nunc
993 2740 1052 2764 -ne
1081 2727 1369 2779 mihi-quidem
1396 2726 1605 2778 probabile
1635 2725 1694 2762 vi-

212 2797 341 2844 detur,
371 2811 395 2834 a
414 2798 596 2835 Varrone
621 2796 671 2834 ob
702 2796 827 2834 solam
855 2797 1044 2836 edolandi
1074 2811 1216 2836 vocem
1244 2798 1419 2836 Ennium
1451 2795 1585 2836 citari:
1616 2807 1693 2832 nec

210 2875 344 2906 tamen
376 2869 415 2905 in
446 2867 662 2906 Ribbeckii
696 2873 832 2918 partes
866 2868 1045 2907 discedo.
1105 2868 1327 2919 Reputanti
1353 2867 1458 2905 enim
1488 2865 1583 2902 mihi
1613 2878 1694 2902 non

211 2938 297 2975 sine
335 2939 375 2976 vi
415 2937 494 2975 dici
534 2938 720 2981 Clodium
764 2943 822 2976 tot
862 2938 1090 2976 comoedias
1133 2939 1220 2975 sine
1255 2937 1338 2974 ulla
1377 2937 1493 2974 Musa
1530 2935 1692 2980 fecisse,
