1898 3236
775 246 1100 285 cofichANEA
1108 273 1118 282 .
1612 238 1659 278 21
1673 239 1691 278 1

207 375 306 401 nore
343 359 632 414 probabilitate
671 358 850 398 adiicere
894 359 992 397 licet
1034 359 1120 396 Lex
1151 358 1308 394 Maenia
1350 351 1442 404 περὶ
1477 346 1697 403 εὖσεβείας;

210 436 491 484 Quinquatrus·
515 428 607 483 περὶ
644 428 843 482 ἰατρικῆς,
881 429 976 468 alia.
1036 427 1121 466 Sed
1150 428 1254 466 haec
1281 439 1360 466 nec
1387 429 1482 463 ante
1510 423 1696 462 dissimu-

207 507 293 545 lavi
317 519 394 544 nec
418 516 525 542 nunc
556 501 646 540 celo
673 500 751 539 nisi
777 489 960 539 stabilita
988 498 1141 536 firmius
1168 498 1361 536 universa
1390 495 1442 534 de
1467 493 1698 549 duplicibus

206 576 336 616 titulis
370 575 528 614 ratione
565 578 675 611 stare
716 583 799 608 non
834 581 969 621 posse.
1037 569 1102 607 De
1134 571 1318 606 Bimarco
1353 564 1444 618 περὶ
1473 560 1630 618 τρόπων
1659 572 1700 605 et

211 646 330 699 Ταφῇ
368 643 590 684 Μενίππου
624 638 715 691 περὶ
753 632 1030 691 σποῦδαρχιῶν
1070 652 1152 677 non
1199 645 1262 678 est
1302 651 1411 689 nunc
1452 638 1561 691 quod
1598 637 1698 676 adii-

208 718 314 756 ciam
348 717 420 764 iis,
457 714 603 769 quibus
637 712 690 751 ad
725 724 796 750 eas
825 717 985 751 saturas
1011 711 1117 750 haec
1143 709 1362 751 Mercklini
1391 696 1699 759 conglutinandi

203 786 422 825 conamina
467 784 710 824 examinavi.
786 783 933 835 Neque
981 782 1124 821 melius
1166 780 1218 819 de
1255 772 1548 834 Σεοαπαρηκτῃ
1585 791 1699 817 suam

210 857 307 895 mihi
346 857 577 909 opinionem
609 854 817 907 probavit:
863 853 942 891 nisi
976 851 1085 904 quod
1116 865 1264 908 nomen
1297 850 1399 889 illud
1444 863 1495 888 ex
1531 847 1700 888 Oehleri

208 927 398 966 machina
441 927 670 979 profectum
714 937 779 963 me
826 938 908 962 non
951 923 1079 974 magis
1122 937 1242 976 quam
1290 921 1504 961 Hertzium
1536 917 1698 958 Merck-

155 1020 158 1023 >
208 998 414 1049 linumque
444 1002 657 1049 patronum
681 993 819 1033 habet.
878 994 1035 1032 Nonius
1060 1008 1098 1046 p.
1130 985 1212 1042 104,
1242 999 1286 1035 27
1319 994 1377 1031 sic
1406 977 1566 1030 scribit:
1598 991 1698 1027 ‘Ex-

179 1094 183 1098 -
203 1069 364 1117 pulsim'
395 1070 536 1125 dictum
560 1080 590 1104 a
616 1067 819 1115 frequenti
837 1068 969 1113 pulsu.
1027 1067 1153 1103 Varro
1184 1065 1303 1102 Sera
1328 1067 1558 1111 paret-te:
1579 1061 1697 1109 Ἐραν-

207 1146 338 1189 yolum
377 1141 488 1183 seito,
533 1151 650 1186 quam
689 1137 821 1185 (quum
855 1126 1015 1186 Iunius)
1055 1138 1194 1174 videbis
1231 1136 1377 1172 Romae
1411 1136 1451 1170 in
1481 1132 1572 1180 foro
1610 1137 1699 1169 ante

185 1209 383 1249 'ianienas
415 1209 610 1257 (lanienas
638 1205 871 1257 Turnebus)
900 1218 1046 1254 pueros
1067 1209 1153 1254 pila
1182 1206 1373 1252 expulsim
1399 1206 1545 1244 ludere.
1594 1201 1700 1240 Inde

211 1281 403 1320 Hertzius
432 1279 582 1317 collato
608 1278 685 1316 hoc
717 1277 898 1317 eiusdem
922 1277 1046 1316 Nonii
1075 1277 1165 1315 loco
1195 1289 1234 1327 p.
1257 1279 1332 1322 ·67,
1365 1281 1405 1314 ll
1437 1274 1697 1311 ‘Parectatoe’

210 1354 268 1397 hi,
319 1353 386 1399 qui
424 1353 471 1387 de
512 1352 680 1397 pueritia
714 1352 869 1387 veniunt
897 1353 950 1387 ad
976 1351 1240 1398 pubertatem:
1292 1360 1316 1383 a
1348 1357 1491 1395 graeco
1519 1346 1699 1383 vocabulo

209 1427 412 1469 sumptum.
459 1422 627 1458 Lucilius
651 1423 711 1458 lib.
754 1421 880 1458 VIIII
905 1422 1009 1460 ‘inde
1034 1423 1258 1468 parectatoe
1287 1419 1507 1465 chlamydes
1535 1429 1582 1455 ac
1609 1418 1698 1454 bar-

211 1495 298 1529 bula
332 1493 499 1539 prima’.
566 1491 672 1528 Idem
712 1493 906 1530 vicesimo.-
951 1493 1080 1528 ‘tuum
1123 1490 1297 1539 efoebum
1342 1490 1543 1536 quemdam
1586 1498 1696 1535 quem

211 1568 345 1600 vocant
368 1563 628 1610 parectaton?
701 1563 825 1611 Varro
856 1565 903 1600 de
929 1564 1197 1610 compositione
1221 1566 1468 1598 saturarum:
1499 1559 1699 1606 ‘parcem-

211 1640 272 1670 {oe
302 1635 455 1678 adsunt,
489 1634 699 1680 mulierque
724 1635 861 1670 mulier
890 1634 1016 1671 Venus
1038 1631 1194 1681 caput',
1223 1631 1302 1669 hoc
1322 1630 1444 1680 igitur
1464 1634 1697 1682 comparato

211 1703 439 1741 testimonio
474 1703 666 1741 Hertzius
702 1703 763 1740 illi
799 1709 961 1742 saturae
999 1703 1106 1741 hunc
1139 1701 1316 1740 indicem
1353 1701 1448 1739 Sero
1474 1705 1699 1749 parectatoe

210 1773 502 1812 restituendum
533 1773 719 1812 coniecit.
779 1774 931 1812 Fateor
961 1786 1025 1812 me
1052 1778 1270 1824 antequam
1298 1772 1457 1810 Hertzii
1488 1784 1699 1810 censuram

203 1844 382 1895 *cognovi
417 1844 459 1882 in
489 1842 660 1882 eandem
687 1844 951 1898 suspitionem
982 1843 1197 1883 incidisse:
1214 1858 1218 1859 ⁷
1238 1842 1347 1896 quod
1376 1830 1482 1881 nunc
1507 1855 1560 1881 ne
1592 1855 1698 1881 com-

195 1927 474 1973 ·memorarem
503 1913 680 1966 quidem,
710 1915 789 1953 nisi
818 1915 926 1953 hunc
958 1929 1198 1968 consensum
1225 1921 1412 1966 putarem
1441 1911 1596 1964 aliquid
1626 1924 1696 1949 va-

207 1986 295 2025 lere
333 1991 474 2024 contra
510 1976 736 2024 dissensum
771 1986 1002 2024 Mercklini.
1064 1986 1146 2037 Qui
1178 1985 1288 2038 quod
1325 1983 1401 2024 sibi
1431 1982 1579 2034 partim
1606 1981 1697 2019 lati-

208 2059 303 2095 nam
331 2057 477 2108 partim
507 2069 697 2106 graecam
728 2056 1031 2107 inscriptionem
1063 2057 1281 2108 displicere
1313 2055 1432 2101 dicit,
1468 2067 1550 2091 non
1579 2051 1696 2090 video

209 2134 286 2165 cur'
309 2127 441 2165 Varro
476 2140 566 2165 eam
595 2140 760 2174 vocem,
800 2139 921 2178 quam
956 2127 998 2164 in
1027 2126 1097 2164 illo
1130 2127 1364 2178 fragmento·
1388 2123 1532 2163 mediis
1560 2121 1698 2160 verbis

208 2197 344 2235 latinis
376 2196 614 2242 immiscuit,
654 2210 735 2235 non
774 2196 918 2235 eadem
955 2197 1110 2237 ratione
1139 2210 1335 2248 usurpare
1367 2197 1406 2233 in
1436 2194 1700 2244 inscriptione

209 2267 397 2318 potuerit.
458 2265 542 2305 Sed
571 2272 708 2306 tamen
736 2281 788 2306 ne
819 2267 917 2320 quid
943 2268 1207 2315 dissimulem,
1238 2280 1318 2305 non
1344 2266 1477 2305 habeo
1510 2263 1698 2317 equidem

207 2338 278 2389 qui
305 2336 420 2374 illam
447 2350 579 2376 meam
599 2338 839 2391 Hertziique
869 2340 1165 2378 correctionem
1187 2338 1421 2381 confirmem
1445 2349 1566 2388 quam
1587 2333 1697 2387 quod

173 2417 180 2423 ·
209 2413 251 2445 et
280 2407 405 2445 facile
430 2407 565 2458 prodit
595 2422 618 2450 e
648 2410 880 2461 corruptela
910 2416 951 2449 et
982 2409 1206 2448 adhibitam
1234 2408 1384 2457 alibira
1412 2407 1598 2446 Varrone
1627 2417 1698 2443 vo·

211 2489 299 2520 cem
336 2477 620 2517 nanciscimur.
680 2479 738 2518 At
776 2493 867 2518 cum
893 2480 1002 2519 illius
1029 2480 1185 2519 inventi
1213 2492 1295 2517 non
1323 2478 1428 2517 adeo
1455 2483 1580 2515 tenax
1611 2476 1698 2521 sim,

210 2547 337 2585 nihilo
377 2552 514 2586 tamen
548 2549 796 2601 probabilius
836 2551 1022 2590 existimo
1054 2549 1273 2590 Mercklini
1302 2556 1588 2589 commentumt
1633 2549 1700 2586 Se-

210 2631 331 2656 rano:
360 2619 479 2656 Recte
495 2626 712 2678 ’purgatum
741 2625 837 2660 scito
866 2634 902 2661 e.
932 2635 971 2674 q.
987 2627 1045 2669 's.‚
1075 2626 1120 2659 ut
1149 2621 1227 2659 hoc
1251 2633 1400 2659 novum
1430 2621 1701 2670 fragmentum

212 2687 265 2725 ad
293 2691 480 2726 Sssnnsnun
502 2693 596 2727 Περι
623 2695 864 2728 ΑΡΧΑιΡΕοιωΝ
894 2690 1078 2730 accedat.
1136 2691 1227 2729 Nee
1250 2691 1370 2729 .enim
1399 2702 1629 2741 comparem
1657 2689 1698 2727 in

212 2771 262 2796 ea
299 2758 581 2798 emendatione
617 2759 829 2813 lenitatem
865 2774 1062 2812 agnosco,
1109 2767 1150 2800 et
1178 2767 1281 2799 recte
1310 2760 1363 2799 ad
1394 2759 1521 2799 verba
1551 2760 1698 2798 Varro-

185 2829 274 2886 ·nis
304 2828 476 2867 relatum
504 2830 602 2868 mihi
627 2831 790 2884 quidem
818 2830 955 2870 valde.
973 2830 1178 2882 displicet.
1235 2869 1238 2871 Α
1409 2857 1414 2860 -

314 2900 501 2938 Tantum
541 2905 617 2940 est.
640 2900 749 2953 quod
783 2891 1001 2940 Mercklini
1033 2900 1257 2952 ⁸copulandi
1291 2899 1431 2938 titulos
1469 2899 1614 2938 studiis
1633 2899 1700 2938 -ef-

1346 2965 1428 3006 14*
