1898 3236
246 198 326 245 182
814 210 1154 242 οοΝιΕοΤΑΝΕΑ,

242 317 311 354 sed
337 317 461 354 nescio
490 318 672 364 quomodo
703 317 798 353 nihil
825 321 901 354 tam
929 318 1093 355 absurde
1119 319 1195 355 diei
1213 322 1357 365 potest,
1396 320 1497 367 quod
1521 330 1595 356 non
1623 321 1726 357 diea-

244 392 309 424 tur
337 388 384 424 ab
415 389 542 435 aliquo
567 388 892 435 philosophorum.

359 475 497 527 Quare
538 476 635 529 quid
674 490 749 528 ego
788 476 838 516 de
880 477 1086 516 curatione
1122 478 1243 516 animi
1278 477 1422 516 adeam
1454 475 1729 530 philosophos,

245 546 313 599 qui
362 560 452 591 eum
496 560 547 586 ne
581 547 659 598 ipsi
690 546 853 599 quidem
881 548 960 586 sint
989 548 1097 596 sani,
1134 548 1276 587 insano
1306 563 1387 588 non
1418 550 1548 600 magis
1574 549 1729 589 mederi

243 622 432 667 possunt,
476 631 596 669 quam
629 618 795 657 insanus
841 618 981 670 equiso
1018 619 1219 658 furentem
1244 633 1390 672 equum
1422 634 1443 659 e
1474 604 1728 659 morbo‘vin‘·

246 686 382 727 dicare
426 688 551 727 valet.
619 689 667 727 In
703 688 810 727 hunc
850 689 956 727 enirn
1004 690 1314 742 comparationis
1353 704 1465 729 usum
1505 690 1730 730 adhibitum
1795 689 1802 693 ”

244 764 342 809 puto
372 758 448 797 hoc
478 759 767 811 fragmentum:

360 873 508 912 XVIII
547 873 625 926 (24)
672 877 804 924 Neque
835 876 1031 925 furentem
1065 878 1235 914 eculeum
1265 877 1542 915 Damacrinum
1571 878 1732 915 insanus

246 948 376 994 equiso
405 957 457 983 ex
483 948 627 984 rabidis
657 948 778 985 morbi
802 949 980 996 fluctibus
1009 950 1146 986 educat
1175 960 1366 996 umquam.

248 1062 305 1101 Ut
332 1066 540 1114 appareat,
572 1075 650 1114 quo
676 1061 762 1101 iure
791 1062 990 1118 Oehlerus
1017 1062 1114 1101 ‘non
1143 1061 1264 1100 male'
1296 1062 1529 1102 Turnebum
1556 1069 1597 1103 et
1625 1063 1728 1115 Pop-

248 1146 351 1170 mam
390 1144 510 1170 sanus
548 1135 678 1181 equiso
714 1133 942 1185 reposuisse
982 1131 1150 1171 dixerit:
1200 1134 1319 1186 quasi
1353 1147 1443 1172 non-
1472 1133 1570 1171 satis
1610 1139 1730 1181 esset,

248 1204 373 1242 multa
401 1203 517 1243 nobis
542 1216 617 1255 per
644 1202 821 1241 laceram
845 1203 1106 1256 reliquiarum
1129 1204 1408 1244 condicionem
1434 1204 1606 1243 obscura
1629 1203 1747 1253 esse,

247 1276 327 1315 nisi
359 1276 480 1314 etiam
510 1272 728 1327 quaedam,
772 1286 877 1325 quae
910 1274 1033 1326 plana
1064 1279 1175 1323 sunt,
1207 1275 1431 1314 criticorum
1461 1273 1732 1327 perversitate

250 1347 571 1386 obscurarentur.
614 1343 803 1382 Ceterum
830 1343 880 1382 de
905 1344 1047 1383 eculeo
1075 1346 1320 1385 Damacrino
1346 1346 1452 1398 (sive
1479 1346 1555 1385 fuit
1580 1346 1731 1384 Dama-

251 1419 402 1465 criano,
427 1422 472 1456 ut
488 1415 612 1456 estin
627 1415 750 1453 Nonii
766 1414 878 1453 libris
900 1429 941 1467 p.
965 1422 1041 1464 105,
1065 1415 1122 1468 12)
1145 1416 1247 1455 nihil
1264 1418 1360 1455 mihi
1384 1423 1630 1470 compertum
1652 1422 1730 1455 est:

248 1502 325 1527 nec
356 1487 536 1540 suppetit
554 1485 694 1537 paullo
716 1485 862 1523 certior
879 1486 1108 1527 emendatio
1134 1488 1398 1541 corruptelae,
1424 1501 1543 1541 quam
1561 1493 1733 1540 utroque

250 1559 341 1597 loco
371 1558 493 1614 Nonii
524 1563 564 1596 et
588 1570 627 1608 p.
661 1563 736 1605 105,
772 1562 812 1597 12
841 1563 881 1595 et
906 1571 945 1610 p.
974 1565 1052 1607 106,
1075 1565 1096 1598 2
1131 1559 1292 1598 codices
1321 1559 1547 1611 perhibent,
1578 1542 1732 1597 exhibe-

249 1633 323 1668 bis:
361 1628 469 1682 quod
500 1641 622 1679 supra
652 1628 793 1680 scripsi
822 1641 874 1667 ex
898 1632 1042 1668 rabidis
1072 1629 1239 1669 Oebleri
1271 1631 1503 1678 coniectura
1535 1636 1622 1680 θεῖς
1652 1630 1732 1668 Ro-

251 1700 356 1741 thius
395 1700 580 1751 opinatur
618 1697 670 1736 ese
706 1701 840 1740 kibus,·
875 1700 971 1738 mihi
1009 1701 1209 1751 placeret,
1249 1700 1357 1755 quod
1394 1700 1732 1752 simplicissimum

253 1776 350 1818 erat,
378 1781 430 1808 ex
457 1772 571 1808 huius
597 1772 717 1807 morbi
743 1772 806 1818 fl.;
833 1773 970 1808 educat
995 1783 1046 1808 an
1075 1774 1210 1810 educet
1237 1771 1356 1823 (illud
1380 1772 1470 1810 libri
1489 1786 1526 1824 p.
1551 1779 1627 1821 105,
1658 1771 1733 1817 hoc
1798 1777 1807 1781 ’

251 1856 291 1894 p.
327 1839 408 1892 106)
440 1854 632 1892 germana
657 1841 855 1893 scriptura
887 1841 948 1889 sit,
978 1838 1208 1892 ambiguum
1239 1836 1323 1881 est:
1373 1842 1509 1893 Quare
1543 1841 1731 1880 emenda-

251 1913 400 1951 tionem
430 1912 642 1951 verborum
674 1925 762 1950 eum
788 1912 985 1964 perficere
1016 1926 1237 1964 nequeam,
1273 1926 1325 1951 ne
1361 1926 1545 1950 numeros
1571 1912 1735 1964 quidem

251 1983 456 2034 attingam,
485 1983 629 2035 quibus
662 1990 900 2034 conceptum
929 1983 1055 2021 fuisse
1086 1983 1352 2034 fragmentum
1380 1984 1574 2036 suspicor.

366 2066 429 2104 Ita
469 2053 632 2104 insanius
667 2071 806 2104 noster
839 2071 878 2104 et
904 2066 1051 2118 hospes
1077 2065 1126 2104 de
1153 2065 1404 2117 philosophis
1436 2064 1567 2117 deque
1599 2078 1733 2104 eorum

254 2150 350 2176 cura
376 2137 605 2176 dementiae
633 2135 861 2187 disputant,
1232 2129 1235 2133 ”

368 2249 474 2287 XIX
499 2247 576 2299 (29)
608 2251 660 2287 Et
688 2250 774 2287 ecee
804 2252 850 2286 de
879 2250 1072 2296 inproviso
1099 2251 1150 2286 acl
1176 2260 1244 2286 nos
1273 2249 1418 2286 acce'dic
1441 2261 1539 2286 cana
1572 2249 1733 2293 Ve'ricas,

522 2320 662 2356 Attices
686 2321 951 2367 philosophiae
981 2321 1147 2357 alumna.
1572 2307 1574 2311 ’

257 2431 517 2471 octonarium
541 2426 769 2468 Meinekius
801 2432 980 2481 agnovit,
1005 2432 1070 2469 cui
1100 2430 1323 2469 adhaerent
1350 2430 1530 2482 pedestri
1554 2444 1736 2469 sermone

257 2503 383 2542 elata:
425 2504 564 2540 Attices
594 2503 687 2549 phil.
725 2503 772 2538 al.
833 2501 898 2539 De
929 2501 1055 2539 forma
1088 2503 1228 2539 Attia-es
1263 2501 1313 2540 cf.
1341 2514 1445 2553 quae
1477 2501 1561 2539 dixi
1592 2515 1630 2552 p.
1658 2509 1735 2542 115.

258 2574 397 2612 Canae
439 2572 609 2611 Veritati
648 2572 821 2610 conferri
857 2579 1024 2622 possunt
1057 2559 1291 2622 Vergiliana
1327 2559 1429 2609 caud
1461 2574 1576 2610 Fides
1613 2571 1736 2623 (Aen.

257 2645 278 2682 I
302 2643 408 2695 292),
437 2653 537 2682 cana
573 2644 685 2681 Vesta
717 2640 842 2693 (Aem
871 2642 907 2680 V
928 2641 1032 2693 744)²
1063 2655 1139 2680 nec
1165 2655 1245 2680 non
1274 2641 1493 2680 admoneor
1514 2642 1596 2681 illis
1617 2642 1738 2681 etiam

261 2715 499 2754 Goethiani:
530 2716 589 2752 die
620 2716 694 2751 alte
725 2714 1080 2762 Schmieyermutter
1118 2715 1306 2751 Weisheit.
1353 2713 1579 2752 Veritatem
1603 2718 1736 2751 autem

259 2785 474 2833 Varronis,
508 2797 612 2836 quae
647 2787 845 2835 personae
882 2784 1013 2822 vicem
1042 2784 1212 2832 obtinet,
1252 2797 1340 2822 eum
1373 2783 1535 2822 Atticae
1562 2783 1736 2834 philoso-

258 2855 381 2906 phiae
422 2856 584 2894 alumna
622 2855 797 2902 dicatur,
835 2854 1045 2906 probabile
1082 2862 1142 2893 est
1167 2868 1313 2893 novam
1343 2854 1588 2893 academiam
1612 2854 1736 2904 signi·
