1898 3236
299 239 380 279 172
868 247 1212 279 coumo'rANEA.

297 353 413 406 quasi
443 366 515 392 suo
547 352 735 404 exemplo
766 353 912 392 ceteris
944 358 1038 392 ante
1066 352 1205 392 oeulos
1232 359 1415 405 poneret.
1468 353 1586 405 Quae
1617 353 1780 407 quidem

297 424 466 475 suspitio
498 436 544 461 eo
575 423 791 462 adiuvatur
815 422 1011 472 nonnihil,
1035 423 1143 476 quod
1165 424 1373 475 peculiare
1387 424 1578 465 Varronis
1605 423 1779 464 studium

294 502 376 535 tam
414 497 455 534 in
493 493 734 534 cavillandis
773 493 951 546 Cybeles
997 507 1046 532 ac
1083 492 1292 547 Serapidis
1333 496 1506 535 cultibus
1541 497 1780 548 peregrinis,

295 566 451 619 quibus,
474 566 628 605 aboleri
660 578 708 603 ac
738 565 936 616 corrumpi
966 564 1054 603 fere
1085 565 1252 618 antiqua
1279 567 1549 605 Romanorum
1576 580 1692 606 sacra
1721 568 1780 606 vi·
1817 559 1822 568 ἶ

295 637 505 685 derentur,
545 649 664 689 quam
690 633 743 674 'in
782 635 997 691 carpendis
1035 649 1271 687 graecorum
1307 637 1638 690 philosophorum
1663 637 1782 689 nugis

295 710 548 759 agnoscitur,
591 706 736 759 quibus
774 705 1001 745 cavendum
1040 712 1146 755 erat,
1203 720 1254 745 ne
1289 720 1386 745 vera
1423 721 1589 747 romana
1629 722 1781 748 morum

297 778 513 831 disciplina
540 777 659 816 nimis
691 776 934 815 inficeretur.

408 848 492 889 Sed
531 847 797 900 perscribam,
842 861 920 900 quo
958 847 1050 895 illa,
1100 847 1246 900 quibus
1278 850 1432 888 munire
1462 848 1662 901 probabili
1687 849 1780 888 reli-

295 922 478 974 quiarum
517 917 788 958 distributioni
824 918 942 969 viam,
962 917 1093 966 volui,
1125 924 1166 957 et
1196 918 1390 957 illustrem
1421 924 1462 958 et
1488 919 1660 957 viriliter
1690 932 1781 959 con-

294 992 467 1037 firmem,
503 990 592 1042 ipsa
630 989 710 1026 iam
752 988 999 1039 fragmenta,
1032 1001 1137 1040 quae
1162 989 1241 1027 huc
1270 989 1476 1040 pertinere
1507 988 1694 1034 arbitror.
1734 1002 1781 1028 eo

296 1060 458 1114 quidem
489 1059 650 1108 ordine,
681 1072 801 1111 quem
829 1059 1054 1111 proximum
1089 1073 1113 1098 a
1144 1060 1313 1112 pristino
1344 1073 1433 1098 esse
1458 1059 1556 1098 mihi
1584 1059 1780 1110 persuasi.

409 1131 566 1183 Quibus
605 1129 734 1169 modis
766 1130 896 1169 Varro
937 1131 1006 1169 vel
1040 1136 1167 1169 semet
1205 1131 1335 1181 ipsum
1376 1130 1444 1169 vel
1481 1143 1572 1176 eum
1609 1130 1673 1168 cui
1707 1130 1782 1169 has

294 1207 428 1253 partes
471 1201 650 1249 dederit,
690 1207 917 1253 correptum
943 1201 1077 1239 furore
1106 1200 1377 1249 simulaverit,
1419 1200 1556 1240 dicere
1584 1214 1666 1239 non
1689 1214 1782 1254 pos-

294 1287 398 1312 sum:
431 1277 472 1310 at
498 1272 568 1310 ubi
592 1272 700 1309 fama
730 1271 817 1310 eius
842 1271 1026 1310 insaniae
1054 1271 1264 1323 vulgatur,

406 1374 428 1412 I
457 1372 538 1425 (43)
570 1375 636 1411 vix
663 1375 795 1422 vulqus
826 1376 1000 1422 confluit,
1034 1386 1109 1412 non
1138 1376 1363 1419 Furiarum,
1395 1375 1463 1411 sed
1486 1384 1697 1421 puerorum
1726 1379 1783 1410 at·
1836 1419 1842 1421 ‚

295 1456 368 1493 que
404 1446 651 1490 ancillarum,
699 1447 766 1493 qui
803 1456 931 1482 omnes
967 1457 1024 1482 me
1059 1447 1167 1483 bilem
1205 1451 1330 1482 acram
1366 1446 1513 1492 agitare
1550 1446 1783 1482 clamitantis

295 1518 508 1563 opinionem
537 1517 628 1553 mihi
659 1517 833 1553 insaniae
863 1527 968 1553 meae
997 1517 1238 1564 confirmant.

295 1620 361 1655 vix
394 1629 484 1655 esse
510 1630 583 1668 pro
619 1611 745 1654 st'atim
783 1615 858 1655 hoc
887 1616 1073 1669 exemplo
1104 1616 1223 1655 docet
1253 1615 1417 1668 quidem
1445 1616 1601 1655 Nonius
1630 1630 1669 1669 p.
1701 1622 1782 1666 421,

294 1693 328 1734 6,
356 1686 429 1725 sed
458 1686 516 1724 ita
546 1686 676 1735 docet,
706 1692 750 1724 ut
780 1700 830 1725 ex
852 1686 991 1725 addito
1012 1686 1140 1725 altero
1164 1686 1340 1737 Vergilii
1365 1687 1553 1739 exemplo
1573 1693 1781 1739 appareat,

276 1771 388 1796 *eum
417 1770 497 1795 non
523 1769 671 1795 novam
699 1762 738 1794 et
766 1756 987 1795 inauditam
1018 1757 1104 1794 eius
1126 1756 1352 1809 particulae
1371 1757 1575 1795 notionem
1598 1757 1779 1796 tradere:

305 1829 407 1876 Vir-9.
445 1828 505 1865 lib.
544 1828 610 1864 II:
660 1827 752 1864 (υἱέε
776 1838 841 1867 ‘ea
885 1828 996 1875 fatus
1030 1839 1155 1871 eram,
1201 1831 1340 1876 yemitu
1377 1841 1463 1871 cum
1497 1830 1590 1865 talia
1626 1824 1810 1876 reddit','

297 1896 632 1950 quemadmodum
670 1910 758 1935 cum
793 1897 907 1936 multi
944 1896 1014 1934 alii
1056 1902 1139 1935 tum
1178 1897 1307 1936 Varro
1345 1898 1433 1950 ipse
1462 1898 1620 1936 locutus
1649 1903 1712 1937 est
1740 1899 1782 1936 in

296 1972 483 2005 Ssxmsssx
516 1966 564 2004 fr.
601 1974 645 2009 18
692 1971 758 2006 vix
795 1968 946 2017 ecfatus
982 1973 1086 2013 erat,
1126 1981 1211 2006 cum
1249 1979 1353 2006 more
1389 1971 1575 2006 maiorum
1608 1981 1642 2006 e.
1679 1982 1719 2020 q.
1749 1982 1781 2008 s.

239 2068 245 2081 .
295 2038 442 2089 Itaque
482 2037 603 2075 etiam
646 2039 686 2076 in
724 2038 794 2076 illo
827 2037 1014 2089 exemplo
1043 2037 1255 2089 probabile
1286 2044 1369 2085 est,
1408 2038 1584 2077 Nonium
1620 2040 1781 2078 nonnisi

295 2108 476 2159 protasin
506 2107 759 2159 apposuisse,
799 2121 918 2161 quam
950 2107 1165 2146 exordiens
1196 2121 1219 2146 a
1249 2122 1335 2147 cum
1364 2109 1565 2161 particula
1598 2111 1780 2148 enuntia-

296 2184 380 2217 tum
411 2177 662 2228 excipiebat:
693 2178 771 2216 nisi
798 2178 887 2230 quis
917 2178 1029 2216 malit
1061 2179 1166 2217 inter
1195 2182 1261 2217 vioe
1292 2184 1331 2218 et
1360 2182 1493 2228 vulqus
1523 2180 1780 2220 intercidisse

241 2294 245 2299 ι
299 2249 518 2302 quaedam,
555 2249 674 2287 huius
714 2248 799 2287 fere
834 2262 995 2287 sensus:
1035 2252 1101 2287 vix
1139 2253 1318 2299 vulyatur
1355 2251 1485 2298 fama,
1524 2264 1610 2290 cum
1650 2255 1782 2301 vulqus

297 2324 473 2370 confluit:
513 2318 620 2372 quod
656 2333 744 2357 cum
782 2319 880 2357 mihi
916 2321 1043 2370 magis
1081 2320 1265 2371 placeat,
1302 2325 1438 2358 tamen
1468 2321 1626 2360 obstare
1657 2322 1780 2361 alicui

295 2392 495 2439 videatur,
524 2389 694 2429 eandem
726 2391 966 2428 sententiam
994 2391 1044 2429 ab
1077 2391 1219 2430 eodem
1242 2389 1376 2428 Nonio
1407 2404 1446 2441 p.
1477 2399 1553 2439 153,
1584 2399 1606 2433 3
1629 2391 1780 2431 eadem

297 2464 425 2501 forma
457 2462 611 2499 afferri:
647 2464 712 2498 vice
743 2463 876 2509 vulqus
903 2464 1079 2509 confluit:
1111 2474 1354 2514 quamquam
1382 2461 1679 2500 memorabilem
1697 2462 1780 2500 No-

251 2568 261 2577 ,
296 2534 353 2572 nii
393 2534 514 2572 etiam
548 2533 590 2569 in
626 2531 735 2568 vitiis
773 2530 1113 2582 manifestissimis
1149 2531 1414 2569 constantiam
1452 2533 1613 2583 saepius
1644 2532 1781 2571 obser-

297 2605 414 2643 vavi:
448 2616 567 2657 quam
595 2601 732 2651 tetigit
757 2601 878 2639 etiam
907 2600 1156 2640 Ritschelius
1185 2602 1226 2639 in
1252 2616 1359 2640 novo
1391 2616 1528 2641 museo
1559 2602 1690 2641 Rhen.
1720 2603 1781 2642 VI

297 2689 334 2726 p.
357 2680 426 2716 540
456 2673 550 2711 adn.
604 2670 688 2710 Sed
721 2672 797 2710 hoc
822 2676 912 2710 utut
941 2676 1012 2719 est,
1045 2684 1124 2710 non
1155 2673 1302 2723 poterit
1328 2687 1445 2725 porro
1462 2673 1596 2712 Nonio
1620 2678 1780 2711 auctore

297 2745 404 2784 tradi
442 2748 508 2784 vix
547 2743 668 2782 etiam
694 2743 736 2781 in
764 2746 889 2781 statim
917 2742 1143 2794 particulae
1174 2744 1380 2782 notionem
1414 2743 1574 2783 abiisse.
1632 2746 1782 2783 Pueros

301 2829 440 2854 servos
470 2814 549 2852 dici
576 2814 734 2852 Nonius
762 2813 901 2852 scribit
930 2826 968 2864 p-
999 2820 1076 2861 153,
1105 2819 1147 2860 3,
1186 2814 1475 2852 convenienter
1502 2814 1617 2853 iuxta
1647 2815 1780 2865 posito

300 2888 528 2923 ancillarum
563 2884 727 2922 nomini.
789 2883 982 2923 Conferre
1020 2884 1134 2922 iuvat
1160 2883 1323 2922 Horatii
1351 2889 1426 2922 sat.
1455 2884 1498 2922 II
1527 2891 1567 2932 3,
1600 2890 1684 2925 130:
1721 2887 1779 2922 in-
