1898 3236
252 246 306 284 92
827 256 1166 288 conmo‘rANEA.

886 381 938 388 ——-
970 363 1064 399 alius

456 432 634 467 caballum
663 433 809 468 arboris
838 445 942 469 ramo
971 434 1008 468 in
1037 433 1164 469 humili
1189 435 1372 481 alliyatum

455 502 641 548 relinquit,
671 502 799 548 ferens
826 503 996 550 ferream
1025 503 1175 539 humero
1205 503 1394 551 bipennem

455 573 625 607 securim.

257 661 373 712 Quae
402 660 483 698 alia
515 660 569 698 ibi
596 659 781 711 Scaliger
807 674 859 699 ex
880 660 971 699 aliis
993 661 1115 699 Nonii
1138 661 1239 700 locis
1262 661 1499 713 agglutinat,
1526 676 1575 701 ex
1596 662 1738 702 eadem

257 731 527 783 descriptione
572 743 662 768 esse
708 731 829 770 facile
868 731 1036 783 largior,
1091 745 1139 770 ac
1175 731 1296 770 video
1344 746 1550 772 numerum
1594 735 1739 785 partim

256 804 403 850 inesse,
431 802 577 854 partim
599 801 831 839 coniectura
859 803 1016 841 restitui
1046 816 1167 855 posse
1200 815 1308 850 eum,
1340 816 1418 855 quo
1447 804 1518 842 illa
1549 804 1740 850 distincta

259 874 444 921 exhibui,
475 872 758 911 bacchiacum:
790 873 987 925 quomodo
1018 874 1123 912 inter
1151 886 1194 911 sc
1226 873 1386 924 singula
1417 881 1630 914 nectantur
1660 889 1740 914 non

258 944 394 984 video.
454 942 671 982 Probabile
698 948 834 989 autem
861 949 921 981 est
947 943 1048 982 haec
1077 944 1209 982 omnia
1244 944 1322 993 alio
1363 959 1481 998 quam
1512 945 1620 998 apud
1643 946 1741 986 Sca·

257 1015 428 1065 ligerum
470 1014 620 1065 scripta
656 1013 782 1052 fuisse
820 1013 979 1052 ordine:
1017 1015 1131 1052 initio
1170 1006 1456 1067 descriptionis
1496 1017 1588 1063 illa,
1637 1030 1741 1068 quae

260 1084 450 1137 apposui,
483 1097 533 1123 ea
557 1097 675 1131 vero,
703 1096 808 1136 quae
834 1084 1018 1135 Scaliger
1039 1084 1152 1122 initio
1174 1086 1310 1137 ponit,
1342 1088 1513 1124 Caeditur
1536 1089 1638 1124 lucus
1664 1091 1742 1124 etc.

258 1160 462 1207 postrema
500 1153 638 1193 fuisse.
699 1153 817 1192 Prius
843 1153 1178 1193 describebantur
1217 1156 1485 1197 involantium
1522 1157 1564 1195 in
1599 1156 1744 1195 silvam

261 1227 454 1278 impetus,
492 1224 672 1272 habitus,
715 1224 998 1273 instrumenta,
1038 1231 1120 1264 tum
1151 1226 1298 1266 cadere
1330 1213 1495 1266 arbores
1531 1225 1742 1278 singulas?

261 1298 378 1336 Haec
413 1297 483 1335 ille
512 1295 734 1343 subtiliter,
767 1295 831 1333 cui
854 1294 904 1333 de
933 1294 1073 1334 ordine
1102 1296 1414 1348 fragmentorum
1442 1311 1560 1337 nemo
1589 1302 1745 1335 contra-

262 1367 384 1406 dicat.
443 1365 714 1404 Bacchiacum
743 1370 878 1404 autem
901 1378 1110 1405 numerum
1133 1381 1222 1406 cum
1247 1369 1289 1407 in
1310 1369 1479 1422 reliquis
1501 1379 1743 1418 recuperare

262 1438 467 1486 studeam,
520 1442 560 1476 et
607 1436 870 1476 difficultates
909 1436 1071 1475 obstant
1107 1438 1291 1490 inceptu,
1342 1443 1382 1477 et
1405 1440 1567 1497 (retinet
1604 1438 1744 1477 inven-

262 1514 345 1546 tum
376 1508 592 1555 Meinekii,
625 1509 694 1560 qui
726 1508 769 1546 in
798 1522 879 1546 uno
911 1508 1071 1547 illorum
1102 1509 1439 1561 fragmentorum,
1465 1510 1630 1561 ignarus
1661 1522 1746 1549 sus-

262 1580 426 1630 pitionis
469 1579 730 1627 Naekianae,
783 1592 903 1630 quam
951 1585 1032 1617 tum
1078 1594 1197 1619 nosse
1235 1594 1314 1619 non
1349 1581 1499 1633 potuit,
1544 1579 1746 1627 creticum,

263 1664 342 1689 non
371 1650 633 1688 bacchiacum
661 1662 870 1688 numerum
899 1650 1094 1689 restituit:

397 1744 419 1780 6
463 1732 555 1777 'Atta
585 1740 687 1777 trabs
711 1740 842 1787 pro'nis
872 1741 909 1776 in
938 1741 1086 1778 humum
1117 1742 1288 1779 accidens
1310 1742 1511 1789 pro'oeimae

378 1803 382 1807 ’
466 1810 626 1858 Fra'nyit
652 1810 776 1846 ramas
805 1811 952 1848 cadens.
1252 1816 1256 1818 ’

265 1901 438 1941 Dubitat
465 1898 615 1938 ibidem
653 1899 883 1938 Meinekius
922 1898 972 1938 de
1007 1901 1144 1938 cadens
1183 1899 1373 1939 vocabuli
1408 1899 1664 1950 integritate:
1710 1899 1750 1937 in

265 1961 343 2024 q‘uo
375 1983 553 2010 seorsum
590 1969 639 2008 ab
671 1970 834 2020 egregio
871 1970 957 2008 viro
984 1971 1127 2009 sentio.
1188 1971 1263 2009 Est
1300 1971 1405 2009 enim
1437 1969 1597 2008 diversa
1625 1968 1747 2020 parti-

267 2043 461 2094 cipiorum
491 2043 662 2091 accidens
691 2044 729 2079 in
757 2043 906 2079 humum
944 2046 984 2079 et
1011 2044 1148 2080 cadens
1176 2043 1297 2090 ratio,
1334 2053 1503 2094 quorum
1529 2039 1630 2078 illud
1661 2051 1750 2077 cum

267 2115 369 2151 trabe
407 2113 531 2151 artius
569 2102 760 2162 coniungi
800 2117 976 2163 oportet,
1017 2113 1094 2151 hoc
1126 2113 1215 2165 ipsa
1256 2109 1472 2163 frangendi
1501 2110 1607 2149 actio
1638 2109 1758 2148 illus:

265 2191 405 2224 tratur.
468 2183 588 2223 Omni
615 2188 748 2229 autem
778 2183 1005 2223 sententiae
1035 2183 1230 2223 Varronis
1271 2183 1456 2222 conferas
1485 2179 1636 2219 Catulli
1662 2192 1752 2219 ver-

269 2271 354 2296 sum
383 2255 524 2295 LXIV
557 2260 624 2295 109

897 2326 960 2362 illa
982 2326 1122 2373 procul
1150 2325 1325 2361 radicitus
1353 2322 1552 2360 exturbata

470 2398 596 2434 Prona
621 2396 735 2442 cadit,
762 2396 835 2433 late
863 2408 936 2443 qua
966 2401 1020 2433 est
1045 2398 1218 2443 impetus,
1251 2394 1353 2431 obvia
1379 2393 1574 2441 franyens.

269 2487 415 2540 Itaque
444 2483 663 2524 videndum
695 2497 823 2532 nunc,
853 2497 947 2522 num
979 2489 1115 2523 cetera
1146 2496 1306 2536 quoque
1334 2482 1560 2533 fragmenta
1584 2479 1756 2519 eundem

272 2559 464 2596 creticum
492 2568 701 2595 numerum
732 2555 855 2594 facile
884 2555 1093 2606 recipiant.
1153 2555 1260 2592 Nam
1288 2554 1385 2592 licet
1413 2566 1490 2590 non
1519 2551 1756 2603 infrequens

271 2630 322 2671 sit
349 2626 658 2667 bacchiacorum
689 2626 1007 2677 ereticorumque
1036 2620 1305 2673 continuatio,
1335 2629 1470 2662 tamen
1500 2621 1542 2659 in
1571 2620 1756 2659 hisreli-

272 2700 378 2752 quiis
407 2699 499 2750 ipsa
526 2696 728 2749 parilitate
756 2709 943 2734 versuum
974 2696 1240 2735 restitutionis
1265 2692 1529 2746 probabilitas
1550 2704 1629 2728 non
1655 2687 1757 2727 nihil

273 2770 416 2820 augeri
443 2768 617 2807 videtur.
677 2766 813 2819 Atque
843 2767 897 2814 hi,
929 2779 1029 2818 quos
1051 2767 1157 2805 infra
1177 2766 1331 2818 scripsi,
1359 2766 1550 2808 eti-ecte,
1578 2767 1621 2798 ut
1646 2764 1754 2811 puto,

271 2838 516 2890 procedunt,
543 2844 584 2877 et
605 2837 728 2886 ultro,
758 2849 839 2875 non
867 2834 998 2875 coacti
1027 2848 1049 2874 e
1075 2833 1258 2885 reliquiis
1282 2823 1542 2890 emerserunt.
1573 2829 1756 2868 Scribam

277 2915 411 2948 autem
442 2923 489 2948 eo
521 2908 680 2956 ordine,
712 2921 790 2961 quo
819 2921 863 2947 se
894 2906 1054 2958 singula
1081 2905 1176 2945 olim
1198 2904 1410 2956 excepisse
1435 2900 1643 2953 probabile
1675 2905 1754 2939 est:
