1898 3236
777 282 1123 315 ecmannum.
1262 325 1265 327 Α
1619 273 1637 314 1
1649 275 1663 313 1
1674 273 1699 316 3

193 391 476 440 deducamur,
518 404 570 430 ne
609 389 712 429 illud
746 388 911 442 quidem
947 387 1210 436 admirabile,
1250 386 1359 441 quod
1385 387 1437 426 fr.
1468 391 1516 428 24
1542 386 1592 426 ab
1622 387 1701 429 Ilio

207 462 399 502 reducem
437 461 609 500 indicat:
661 461 742 499 nisi
777 459 896 498 malis
934 461 978 498 in
1013 472 1061 498 eo
1096 459 1393 499 simulationem
1422 457 1700 498 tantummodo

208 533 273 571 ob·
297 532 466 571 Homeri
499 529 731 583 Odysseam
765 530 917 570 factam
953 544 1192 582 agnoscere.
1257 532 1368 582 Ergo
1409 529 1459 569 de
1498 529 1701 568 sententia

207 603 366 642 illorum
403 602 720 653 fragmentorum
759 615 851 640 cum
887 607 1067 651 constet,
1110 602 1387 656 quaerendum
1417 600 1468 640 de
1499 600 1702 652 scriptura

208 673 470 724 singulorum.
527 672 666 725 Atque
702 672 752 711 fr.
792 678 837 714 17
875 687 965 712 cum
1007 674 1066 712 ita
1093 673 1278 713 tradatur
1309 672 1419 725 apud
1450 671 1630 710 Nonium
1658 685 1699 723 p.

207 750 296 792 242,
325 750 371 785 32
412 749 456 782 ut
486 758 609 796 supra
639 744 806 796 scripsi,
846 737 1050 783 Oehlerus
1081 745 1268 797 imperite
1297 746 1490 793 quondam
1518 743 1701 795 reposuit

143 842 147 845 -
207 830 280 867 pro
311 818 430 865 quod,
466 817 582 868 quasi
610 822 694 867 *tam
723 817 1019 867 incompertum
1050 822 1179 865 esset,
1223 829 1248 854 a
1272 815 1407 854 Nonio
1437 813 1700 866 imperfectas

207 887 447 938 scriptorum
484 887 707 926 sententias
739 886 898 925 referri.
958 886 1171 940 Roeperus
1202 888 1337 925 autem
1368 898 1458 925 cum
1489 886 1531 924 in
1560 895 1701 924 nume-

207 969 272 994 ros
303 955 491 1007 redigere
516 957 644 997 verba
674 963 855 1010 cuperet,
888 956 1041 1010 duplex
1065 956 1299 1009 exemplum
1325 957 1557 1009 proposuit:

413 1089 421 1097 .
490 1089 497 1096 .
569 1078 586 1098 .·
647 1091 654 1098 .
726 1090 734 1097 .
804 1089 812 1098 .
874 1090 891 1097 ..
957 1090 965 1097 .
1035 1061 1103 1098 ubi
1126 1060 1230 1108 quod
1255 1062 1386 1108 lupam

409 1131 614 1169 Felldrunt
639 1134 723 1170 olim
754 1133 909 1169 alz'emni.

210 1220 297 1258 vel:
409 1221 478 1258 ubi
506 1222 623 1271 (ubei)
650 1225 751 1271 quod
779 1225 864 1260 olim
895 1223 1041 1259 alumne·
1067 1222 1259 1270 fellarvint
1283 1223 1429 1269 lupam.>

206 1310 404 1350 Neutrum
423 1311 647 1363 probabile,
675 1313 709 1351 si
733 1312 787 1351 ad
806 1312 931 1351 Nonii
946 1312 1355 1362 memoriam‘exigas.
1387 1311 1597 1352 Distribuo
1618 1312 1699 1351 ita:

979 1409 985 1413 ”
1022 1404 1088 1441 ubi
1113 1403 1216 1451 quo'd
1242 1405 1372 1450 lupam

356 1500 359 1501 γ
408 1474 564 1511 Αῖάηιηι·
587 1472 825 1521 fellave'runt
855 1475 953 1512 olim.

205 1563 272 1600 Fr.
315 1569 358 1603 18
400 1563 556 1601 Nonius
594 1576 634 1613 p.
673 1568 762 1611 368,
800 1569 847 1604 28
884 1564 942 1601 ita
982 1562 1142 1601 scribit:
1181 1564 1247 1600 ubi
1278 1565 1390 1601 nitidi
1415 1564 1559 1613 efoebi,
1599 1572 1700 1604 veste

144 1615 155 1626 ”
202 1634 311 1679 pulla
341 1635 515 1680 candidi,
546 1636 710 1671 modeste
738 1636 900 1672 amictus
922 1639 1093 1683 pascunt
1111 1639 1282 1682 pectore.
1329 1634 1394 1672 De
1425 1634 1571 1686 quibus
1602 1635 1701 1687 quid

206 1702 275 1741 alii
301 1702 562 1751 instituerint,
591 1703 750 1756 legatur
781 1705 890 1756 apud
915 1704 1160 1756 Roepmm.
1222 1704 1388 1749 Certum
1419 1710 1493 1753 est,
1524 1706 1699 1756 priorem

205 1787 380 1822 versum,
413 1774 530 1813 modo
563 1777 663 1824 esebi
685 1775 754 1814 vel
779 1777 918 1824 ephebi
943 1759 1131 1826 reponas,
1159 1775 1362 1825 integrum
1393 1788 1498 1825 esse,
1531 1776 1699 1816 alterum

204 1850 287 1882 tam
311 1846 467 1884 numeri
497 1859 619 1899 quam
649 1847 854 1885 sententia
874 1845 1124 1897 persuadent
1152 1845 1301 1884 lacuna
1321 1845 1523 1886 laborare.
1565 1847 1699 1899 Quam

176 1967 180 1971 .
206 1929 296 1954 eum
323 1917 474 1968 primus
506 1917 781 1956 Doederlinus
811 1918 852 1956 in
882 1930 1027 1970 synon.
1057 1917 1125 1955 ΠΙ
1151 1930 1190 1968 p.
1222 1923 1291 1959 206
1320 1917 1568 1968 agnovisset,
1597 1918 1697 1958 Mei-

203 1985 369 2034 nekius,
410 2001 489 2040 quo
522 1988 803 2027 incumbentes
841 1988 893 2027 ad
924 1988 1223 2041 philosophiam
1254 1986 1540 2026 adulescentes
1570 1987 1697 2026 Athe·

202 2057 366 2097 nienses
397 2059 735 2110 significarentur,
768 2061 916 2098 suasit:

406 2163 572 2201 modeste
603 2164 732 2200 amicti
762 2160 935 2212 [stiphia]
961 2166 1132 2210 pascunt
1158 2160 1341 2209 pectora:

204 2261 434 2313 RoeperuS‚
472 2276 563 2300 eum
595 2262 819 2314 ephebicae
852 2261 1081 2314 chlamydis
1112 2261 1223 2299 color
1252 2274 1275 2299 a
1305 2260 1417 2309 luctu
1448 2266 1489 2298 et
1519 2235 1698 2311 lugendo

205 2337 433 2383 repetatur,
464 2333 664 2384 praefert:

406 2424 570 2460 modeste
598 2426 730 2462 amicti
758 2421 921 2474 [lactus]
946 2428 1118 2472 pascunt
1141 2423 1312 2472 pe'ctore.

209 2510 330 2562 Quod
360 2511 457 2550 licet
480 2513 712 2552 mutationis
740 2513 896 2552 ratione
923 2512 1241 2561 commendetur,
1266 2519 1404 2552 tamen
1432 2511 1699 2564 improbabile

204 2581 364 2620 videtur
390 2581 487 2621 mihi
515 2582 696 2635 ephebos
722 2583 803 2623 dici
820 2584 993 2623 maxime
1012 2585 1146 2623 luctus
1163 2583 1396 2636 pectoribus
1416 2597 1600 2635 pascere.
1642 2583 1699 2623 Ut

206 2652 426 2691 consultius
455 2652 648 2701 habeam,
681 2653 776 2692 dum
809 2655 957 2694 certius
985 2655 1082 2708 quid
1113 2655 1280 2693 allatum
1307 2655 1396 2703 erit,
1428 2654 1469 2694 in
1500 2653 1699 2694 Meinekii

191 2724 478 2763 additamento
506 2724 781 2775 acquiescere.
822 2726 873 2764 In
890 2725 941 2764 fr.
961 2733 1015 2774 19,
1045 2726 1153 2778 quod
1172 2725 1280 2777 apud
1298 2724 1476 2764 Nonium
1492 2739 1534 2778 p.
1552 2724 1632 2773 131,
1656 2733 1701 2766 14

203 2795 261 2832 ita
287 2794 493 2833 scribitur:
523 2795 588 2831 ubi
607 2782 824 2834 educantur
845 2795 1065 2843 (edicuntur
1085 2795 1248 2847 Bamb.)
1271 2798 1424 2834 barbati
1439 2798 1698 2835 innumerabi-

202 2854 256 2904 les
285 2860 427 2904 lateres
457 2877 599 2904 aureos
625 2867 815 2912 habuisse,
849 2868 1010 2904 barbari
1035 2867 1189 2915 Iunius,
1220 2868 1257 2905 ‘et
1287 2869 1469 2905 dicuntur
1496 2865 1698 2906 oehlerus

204 2943 478 2975 correxerunt.
540 2937 629 2975 Nec
660 2949 801 2975 versus
832 2942 875 2974 ut
903 2944 995 2975 sunt
1024 2939 1122 2976 sat-is
1153 2938 1282 2988 aperti
1313 2949 1554 2990 quemquam
1585 2938 1699 2988 fuge-

270 3003 447 3045 Vsnmsu,
473 3003 583 3038 Com.
608 3014 647 3036 1⁸
666 3003 786 3037 Vana.
808 3013 890 3038 ss‘r.
1408 3002 1432 3042 8
