1898 3236
225 238 239 275 1
253 235 303 277 18
793 245 1133 291 communes.

219 350 262 390 in
300 357 438 390 satura
468 351 518 390 de
547 352 714 403 Epicuri
742 353 950 404 voluptate
977 354 1193 394 iudicasse.
1253 356 1337 395 Sed
1377 357 1454 395 hoe
1491 358 1703 400 levidense

223 426 295 460 est.
355 423 442 460 Iam
481 435 571 459 cum
605 422 646 460 in
676 426 912 464 Snsoummms
951 425 1189 476 fragmentis
1221 426 1391 466 eandem
1419 428 1576 468 viarum
1605 431 1703 469 ima-

220 492 355 543 ginem
394 493 446 531 ad
480 492 762 544 illustrandam
796 494 1019 534 Carneadis
1060 502 1100 535 et
1137 497 1311 536 Zenonis
1352 498 1402 536 de
1440 499 1520 539 fine
1549 500 1704 540 dissen-

221 563 374 602 sionem
420 563 641 602 adhibitam
678 565 881 616 legamus,
919 581 1012 606 ·n0n
1048 567 1202 606 absona
1251 575 1312 608 est
1363 572 1555 624 suspitio,
1602 573 1703 612 Var-

221 646 361 671 ronem
395 633 437 672 in
474 634 552 672 hac
588 628 749 688 quoque
787 642 924 676 satura
949 638 1120 677 eandem
1149 640 1217 683 vel
1247 641 1418 680 similem
1449 642 1705 681 discernendi

221 703 294 741 has
330 703 660 756 philosophorum
699 708 996 747 controversias
1038 710 1233 749 rationem
1263 717 1303 750 et
1337 712 1553 763 imaginem
1583 713 1706 751 etiam

220 775 262 812 in
301 774 468 826 reliquis
506 782 762 826 persecutum
803 774 916 825 esse,
957 762 1012 816 ‘ut
1052 792 1104 818 ne
1136 781 1229 820 hinc
1262 783 1423 836 quidem
1459 783 1527 822 vel
1564 789 1705 823 ternae

219 845 313 882 viae
358 845 425 883 vel
462 847 720 898 quaternaria
765 849 1027 900 compitorum
1079 851 1303 892 distributio
1345 855 1504 893 alienae
1543 853 1705 892 fuerint.

223 905 333 965 Quid
367 927 484 962 vero,
523 916 557 954 si
594 930 644 955 nc
675 924 784 956 esset
813 919 976 970 quidem
1004 921 1106 959 haec
1139 923 1227 961 sola
1257 925 1547 963 sententiarum
1579 925 1621 962 in
1646 924 1703 963 di-

220 984 350 1023 versis
389 985 535 1023 saturis
565 986 795 1036 similitudo,
841 990 914 1028 sed
946 1004 1019 1029 eae
1049 992 1246 1045 reliquiae
1277 995 1328 1033 ad
1358 1007 1482 1034 unum
1515 980 1704 1033 eundem-

221 1067 300 1106 que
347 1054 630 1107 disputationis
683 1054 844 1116 cursum'
884 1061 1026 1099 referri
1071 1062 1297 1103 deberent?
1356 1066 1425 1105 Sic
1464 1051 1588 1104 enim*
1609 1066 1704 1112 olim

221 1125 337 1176 quasi
374 1137 573 1177 suspensa
606 1141 726 1166 manu
745 1130 818 1167 M.
850 1130 1041 1170 Hertzius
1072 1134 1266 1182 coniecit,
1297 1148 1427 1187 nuper
1459 1136 1609 1174 certius
1642 1137 1701 1174 af-

220 1194 394 1233 firmavit
422 1196 686 1245 Memklinus,
721 1211 810 1236 eam
840 1206 1029 1248 saturam,
1063 1203 1127 1240 cui
1156 1202 1279 1253 vulgo
1312 1208 1407 1241 ΠΕΡι
1434 1211 1614 1243 Axpx-:onws
1644 1209 1703 1246 in.-

220 1263 419 1314 scribitur,
445 1280 526 1306 non
557 1281 648 1307 esse
679 1269 799 1308 aliam
831 1284 879 1308 ac
912 1274 1175 1317 Ssssomumxmw,
1207 1273 1271 1310 cui
1303 1274 1505 1327 duplicem
1531 1270 1707 1316 indicem

221 1341 464 1379 Sesomumxss
498 1341 597 1389 ΠιῑιηΙ
624 1344 808 1379 ΑιΡεοΕωΝ
841 1356 912 1394 pro
954 1355 1064 1380 more
1100 1343 1293 1382 Varronis
1333 1345 1450 1384 reddi
1488 1352 1704 1398 oporteret.

220 1408 441 1460 Acquievit
464 1414 636 1463 uterque
666 1412 706 1449 in
734 1426 845 1451 mera
868 1413 962 1461 illa,
992 1426 1112 1465 quam
1142 1398 1451 1464 illustravimus,
1484 1418 1703 1455 sententia-

219 1492 306 1517 rum
336 1481 590 1530 cognatione,
618 1495 738 1534 quam
763 1488 900 1521 tamen
931 1497 1005 1534 ego
1035 1484 1103 1522 isti
1134 1486 1438 1535 conglutinandi
1467 1486 1606 1525 titulos
1638 1501 1703 1525 co-

219 1551 369 1588 namini
403 1564 484 1589 non
519 1551 708 1591 sufficere
745 1554 928 1595 arbitror.
990 1555 1052 1593 Ac
1091 1558 1292 1595 concessit
1326 1557 1576 1596 Mercklinus
1604 1557 1706 1609 ipse,

219 1633 299 1672 quo
329 1621 471 1659 mirum
503 1628 564 1660 est
595 1637 683 1662 eum
716 1638 797 1663 non
826 1626 978 1664 vidisse
1010 1639 1123 1664 suam
1150 1625 1391 1666 labefactari
1420 1629 1704 1679 opinationem,

219 1690 260 1729 in
308 1691 579 1749 compluribus
626 1697 771 1734 saturis
809 1698 1033 1736 Varronem
1082 1697 1133 1735 ad
1171 1697 1498 1749 philosophorum
1540 1694 1727 1750 αἱρέσεις

219 1761 465 1800 devertisse:
507 1776 750 1817 quamquam
788 1779 839 1804 ne
877 1767 953 1805 hoc
993 1767 1154 1819 quidem
1195 1781 1242 1806 eo
1281 1768 1475 1819 probatur
1506 1770 1704 1823 exemplo,

221 1831 329 1884 quod
358 1831 428 1870 ille
452 1845 474 1870 e
497 1837 723 1871 Tsssnmuwro
754 1837 934 1887 repetiit:
967 1849 1061 1885 quos
1086 1839 1292 1885 Menippea
1317 1840 1489 1878 haeresis
1513 1844 1707 1880 nutricata

218 1907 295 1940 est:
328 1901 408 1961 vid.
438 1916 561 1955 supra
582 1918 622 1956 p.
650 1912 728 1946 111.
788 1907 957 1944 Poterat
984 1906 1107 1964 multo
1137 1907 1381 1945 commodius
1413 1913 1612 1949 Eummnns
1644 1913 1703 1950 af·

219 1973 346 2021 ferre,
383 1974 424 2010 in
461 1972 605 2025 quibus
646 1977 753 2014 infra
791 1976 1001 2015 ostendam
1030 1978 1254 2016 Varronem
1285 1979 1498 2019 multorum
1526 1971 1703 2033 philoso-

217 2043 388 2095 phorum
413 2040 652 2096 θεωρήματα
680 2047 940 2099 percurrisse,
971 2047 1043 2086 sed
1064 2047 1121 2085 ita
1146 2052 1190 2085 ut
1208 2061 1288 2086 non
1310 2050 1351 2087 in
1376 2063 1456 2089 una
1477 2051 1527 2090 de
1550 2065 1702 2091 summo

217 2115 323 2153 bono
360 2117 661 2165 controversia,
704 2131 809 2170 quae
847 2130 1019 2168 regnare
1056 2118 1097 2155 in
1129 2123 1354 2162 Snsomumxn
1384 2118 1565 2170 videtur,
1610 2122 1701 2161 sub-

217 2185 391 2224 sisteret.
453 2187 658 2225 Zenonem
698 2194 806 2227 certe
845 2203 896 2227 ne
932 2188 987 2227 ibi
1015 2188 1179 2241 quidem
1211 2190 1508 2231 desideramus:
1543 2193 1625 2232 vid.
1653 2195 1702 2233 fr.

218 2262 275 2297 25.
325 2255 463 2307 Quare
492 2270 544 2295 ne
572 2259 777 2309 praesidio
800 2259 993 2298 destituta
1019 2265 1127 2298 esset
1148 2262 1393 2309 coniectura,
1423 2262 1707 2318 inquirendum·

218 2333 317 2373 erat,
351 2341 403 2365 an
430 2327 501 2365 illa
525 2328 620 2366 talis
653 2336 761 2368 esset
791 2331 1080 2369 sententiarum
1110 2330 1300 2378 affinitas,
1330 2336 1374 2369 ut
1402 2332 1612 2370 ultro‘sub
1643 2333 1700 2371 di-

217 2397 346 2436 versis
386 2398 513 2436 titulis
541 2386 702 2438 'allatae
732 2401 928 2452 reliquiae
957 2401 999 2438 in
1028 2414 1150 2453 unum
1181 2402 1434 2454 eundemque
1466 2402 1700 2455 disputatio-

217 2469 278 2506 nis
308 2469 500 2506 ambitum
522 2470 638 2519 quasi
660 2470 949 2508 coalescerent.
993 2471 1082 2508 Nec
1104 2471 1385 2521 neglegendae
1406 2479 1520 2511 erant
1541 2467 1702 2512 ceterae

217 2552 323 2590 quae
353 2535 442 2585 περὶ
464 2536 658 2585 ἀἱρέσεων
690 2540 864 2578 citantur
891 2540 1102 2592 reliquiae,
1135 2555 1187 2579 an
1215 2554 1295 2579 non
1327 2542 1486 2581 alienae
1517 2550 1653 2583 essent
1679 2558 1703 2582 a

217 2612 453 2651 Sssoummxls
474 2616 723 2658 argumento.
769 2610 906 2662 Atque
930 2610 1108 2648 concedo
1133 2615 1223 2651 ΠΕΡΙ
1253 2617 1437 2650 Amorum
1459 2614 1529 2652 frr.
1557 2620 1578 2654 2
1601 2620 1643 2653 et
1665 2622 1699 2662 3,

218 2691 387 2729 quorum
416 2678 517 2717 illud
548 2684 588 2718 et
617 2681 749 2731 ipsum
778 2686 946 2731 tangere
968 2681 1264 2734 philosophiam
1294 2683 1467 2730 videtur,
1498 2683 1575 2722 hoc
1606 2697 1699 2722 exo-

216 2749 356 2787 rientis
391 2749 513 2788 lunae
545 2750 859 2802 appellationem
890 2753 1090 2799 continet,
1128 2766 1249 2805 posse
1281 2753 1356 2791 sibi
1388 2753 1521 2791 locum
1548 2754 1590 2791 in
1620 2756 1700 2789 Sns-·

216 2832 374 2859 oummxr:
418 2833 578 2871 parare.
637 2820 746 2858 Illud
775 2834 899 2870 vero,
940 2836 1017 2874 quo
1055 2823 1305 2862 Mercklinus
1338 2824 1511 2861 maxime
1547 2822 1696 2870 nititur,

216 2889 484 2939 fragmentum
513 2890 725 2943 quominus
755 2899 846 2929 cum
876 2896 1111 2935 Sssoummxm
1143 2893 1193 2931 de
1219 2895 1394 2932 Zenone·
1414 2898 1454 2931 et
1482 2892 1696 2931 Carneade
