1898 3236
804 225 1144 257 coruscus-EA.
1663 218 1717 259 83

230 331 419 370 ductione
446 331 555 382 hunc
581 344 756 379 versum,
788 344 907 384 quem
928 345 980 371 ex
1009 334 1217 369 Ocroasssns
1246 330 1296 370 fr.
1321 337 1344 370 2
1366 332 1576 380 suscitavi,
1609 345 1715 371 com-

228 402 441 441 mendare:

430 517 516 553 Ho'c
544 520 631 552 erat
656 513 884 552 incdhnmodi
907 517 1010 563 quod
1033 515 1304 553 ne'sciebamzzs·
1323 518 1441 554 semel

432 570 551 625 [fnum
577 588 768 634 sinqulam
798 585 893 622 e'sse.

225 701 357 750 Pergo
394 698 446 737 ad
473 711 563 737 eam
592 704 790 746 saturam,
822 698 886 736 cui
916 701 988 734 Lux
1015 701 1158 735 ΜΑΕΜΑ·
1177 698 1420 738 inscribitur.
1480 699 1579 737 Eius
1611 698 1661 737 fr.
1690 703 1711 739 7

224 771 346 810 Nonii
384 769 477 808 libri
519 784 559 822 p.
599 775 685 818 106,
716 776 739 811 6
773 769 832 807 ita
860 768 1100 820 perhibent:
1134 773 1170 807 si
1197 773 1265 818 qui
1298 773 1489 818 patriam,
1529 772 1711 807 maiorem

220 849 439 892 parentem,
478 844 684 891 nunquit,
721 844 762 878 in
797 851 842 878 co
873 845 930 877 est
967 841 1107 893 culpa:
1143 844 1247 888 quod
1270 842 1371 890 facit
1394 854 1471 889 pro
1496 835 1574 879 sua'
1593 848 1711 889 parte

219 917 270 959 is,
308 915 376 961 qui
402 924 442 950 se
470 914 665 950 eunuchat
698 917 766 949 aut
798 913 929 960 aliqua
968 911 1106 959 (aliqui
1128 911 1336 950 Wolfenb.
1372 915 1518 960 aliquid
1546 911 1709 963 Bamb.)

218 986 356 1022 liberos
375 986 571 1032 producit.
616 982 830 1021 Sententia
857 982 900 1020 in
927 981 1160 1020 universum
1187 981 1312 1034 plana
1344 988 1418 1030 est,
1452 996 1573 1035 quam
1601 982 1709 1022 Och-

220 1042 330 1092 leius
367 1053 597 1101 Ciceronis,
634 1066 717 1091 non
749 1052 944 1091 Varronis
982 1051 1073 1089 loco
1111 1051 1243 1104 (apud
1274 1053 1453 1092 Nonium
1481 1067 1522 1105 p.
1552 1059 1635 1101 426,
1664 1054 1708 1106 9)

217 1124 414 1163 illustrat:
454 1127 510 1162 sic
538 1126 716 1172 quoniam
738 1126 859 1171 plura
889 1124 1072 1171 beneficia
1105 1126 1270 1162 concinet
1292 1127 1429 1173 patria
1458 1131 1496 1162 et
1523 1132 1581 1163 est
1609 1128 1708 1163 anti·
1731 1125 1734 1129 ’

217 1196 330 1244 quior
371 1202 535 1243 parens*
561 1207 676 1243 quam
723 1198 758 1233 is
804 1198 872 1244 qui
919 1197 1083 1240 creavit,
1132 1197 1256 1233 maior
1299 1198 1337 1233 ei
1378 1196 1554 1244 profecto
1592 1207 1707 1245 quam

212 1269 373 1314 parenti
413 1267 571 1304 debetur
610 1269 751 1315 qratia.
818 1265 941 1311 Addo
980 1278 1002 1303 e
1042 1264 1252 1304 Ciceronis
1288 1266 1472 1317 epistulis
1510 1266 1563 1305 ad
1600 1267 1706 1305 Atti-

219 1351 308 1375 cum
332 1337 397 1376 IX
425 1343 468 1385 9,
496 1342 538 1376 2:
581 1338 672 1374 huic
709 1338 823 1382 bello,
861 1339 900 1374 in
937 1349 1011 1385 quo
1050 1341 1158 1374 tanta
1198 1339 1254 1374 vis
1282 1339 1439 1375 sceleris
1465 1339 1607 1386 futura
1637 1344 1705 1384 cst,

216 1416 275 1456 ut,
311 1422 397 1447 cum
431 1413 618 1456 parentes
654 1420 731 1445 non
764 1410 870 1445 alere
906 1407 1102 1458 nefarium
1136 1409 1204 1452 sit,
1246 1410 1371 1445 nostri
1399 1411 1599 1456 principes
1637 1422 1706 1447 an-

146 1485 162 1496 '
215 1482 464 1528 tiquissimam
499 1484 536 1516 ct
568 1481 847 1516 sanctissimam
876 1483 1101 1526 parentem,
1128 1480 1322 1525 patriam,
1358 1479 1466 1526 fame
1492 1482 1705 1517 necandam

211 1556 360 1598 putent.
421 1548 632 1587 Dubitatio
666 1549 844 1586 exoritur
877 1548 928 1587 de
967 1549 1183 1600 postremis
1218 1554 1287 1586 aut
1321 1551 1444 1597 aliqui
1469 1550 1632 1599 (aliqua)
1659 1553 1704 1587 li·
1761 1574 1765 1579 .

215 1604 326 1658 hei-os
355 1622 548 1667 producit.
607 1620 673 1658 De
702 1618 846 1671 quibus
870 1630 975 1673 quae
1000 1615 1072 1659 alii
1101 1619 1405 1669 excogitarunt,
1439 1632 1577 1658 eorum
1602 1621 1704 1659 nihil

217 1690 312 1729 mihi
342 1678 504 1742 quidem
535 1689 748 1742 probatur:
779 1691 840 1729 sic
866 1691 1022 1742 Popma
1046 1692 1156 1728 haud
1181 1692 1313 1738 aliqua
1343 1692 1405 1727 lib.
1428 1693 1564 1738 prod,
1593 1690 1701 1730 Och-

147 1786 155 1793 .
215 1759 323 1798 lerus
354 1766 422 1813 aut
451 1762 543 1799 alibi
567 1763 629 1798 lib.
660 1764 774 1809 prod.
807 1760 881 1801 isc.
907 1775 1027 1814 quam
1053 1762 1095 1800 in
1122 1761 1286 1813 patria.'
1315 1760 1383 1799 vel
1412 1767 1481 1799 aut
1507 1754 1596 1808 ἅλις
1624 1766 1701 1811 qui.

213 1831 359 1869 Paullo
390 1831 537 1870 certius
567 1831 618 1870 de
643 1829 780 1871 eorum
809 1833 1094 1872 emendatione
1123 1831 1304 1870 iudicare
1336 1831 1497 1881 licebit,
1537 1833 1607 1872 ubi
1631 1834 1703 1884 issa

213 1915 292 1940 non
322 1901 542 1954 pedestria,
574 1916 677 1955 quae
707 1903 841 1942 adhuc
861 1903 1119 1956 putabantur,
1145 1903 1219 1943 sed
1242 1909 1370 1942 metro
1390 1910 1588 1956 concepta
1610 1918 1701 1943 esse

211 1971 453 2011 ostendero:

501 2109 506 2115 ⁴
1020 2067 1057 2102 si
1083 2067 1150 2113 qui
1171 2067 1343 2113 patriam

413 2134 599 2172 Ma‘iorem
619 2136 824 2182 pare'ntem
849 2138 1053 2183 extinyuit,
1083 2135 1123 2172 in
1152 2140 1232 2172 eost
1260 2137 1406 2182 culpa:
1425 2134 1653 2182 quddfacit

412 2206 493 2242 Pro
521 2216 594 2242 sua
619 2212 734 2253 parte
762 2209 796 2243 is
825 2206 956 2254 quise
987 2207 1180 2243 eunuckac
1206 2207 1273 2243 aa!
1302 2207 1390 2243 talis
1415 2207 1482 2253 qui
1510 2204 1652 2242 liberos

410 2276 608 2312 Pro'ducit.

209 2387 377 2425 Numeri
412 2385 639 2434 manifesti,
678 2370 837 2438 opinor:¹
874 2375 1119 2441 quamquam
1157 2388 1208 2426 de
1241 2388 1323 2427 illis
1359 2390 1395 2425 si
1427 2390 1495 2435 qui
1523 2391 1698 2436 patriam

197 2458 310 2496 'nihil
341 2457 502 2496 definio.
562 2454 683 2517 Quod
714 2457 860 2510 scripsi
891 2464 958 2498 aut
986 2462 1075 2497 talis
1103 2461 1181 2507 qui,
1213 2457 1516 2497 commendatur
1539 2457 1582 2496 id
1611 2458 1696 2510 qui-

211 2528 302 2566 dem
321 2528 492 2567 lenitate
512 2528 742 2580 mutationis
765 2542 842 2568 nec
864 2528 1057 2568 abhorret
1077 2543 1102 2568 a
1120 2535 1247 2568 metro
1259 2516 1285 2572 τ’,
1298 2528 1373 2567 sed
1396 2542 1542 2567 manca
1559 2528 1698 2567 evadit

210 2599 434 2647 sententia,
467 2605 593 2651 quam
628 2599 759 2651 possis
796 2591 854 2640 ita
895 2606 1030 2640 mente
1067 2600 1278 2652 supplere:
1318 2599 1414 2638 talis
1447 2601 1516 2652 qui
1545 2599 1695 2638 liberos

207 2668 416 2720 producit,
455 2669 597 2721 quales
626 2670 774 2709 vitales
804 2683 896 2710 esse
922 2664 992 2711 vel
1022 2684 1259 2711 succurrere
1287 2672 1444 2722 patriae
1472 2676 1694 2722 nequeunt.

207 2739 296 2778 Nec
328 2735 462 2778 tamen
495 2753 585 2778 eam
611 2740 874 2792 suspitionem
902 2756 975 2794 pro
1005 2749 1117 2782 certa
1143 2741 1330 2786 vendito:
1369 2740 1447 2779 nisi
1478 2739 1586 2792 quod
1615 2753 1696 2777 non

206 2811 334 2848 feram
365 2810 619 2850 emendando
647 2824 835 2851 numeros
864 2813 1131 2864 pessumdari.

319 2882 429 2931 Ergo
455 2882 547 2920 huic
569 2887 732 2929 saturae
757 2895 846 2920 cum
867 2882 1015 2922 addam
1033 2897 1155 2922 unum
1178 2878 1447 2932 fragmentum
1469 2883 1693 2930 metricum,

1363 2950 1421 2988 6*
