1898 3236
271 271 349 315 142
841 279 1180 313 concTANEA.

265 388 416 427 richius
456 388 497 425 in
534 399 675 426 comm.
710 387 763 425 ad
800 387 1037 426 Iuvenalem
1076 374 1115 439 p.
1149 393 1207 428 56.
1268 386 1331 425 Ac
1369 387 1500 439 possis
1540 387 1612 427 tibi
1641 388 1746 427 hanc

267 472 424 498 omnem
453 471 643 496 scaenam
673 457 795 496 talem
823 458 909 497 fere
941 459 1072 497 animo
1094 459 1325 506 informare,
1359 458 1518 510 qualem
1539 458 1747 497 Iuvenalis

267 530 482 581 descripsit
510 529 532 566 I
564 535 596 576 1,
631 534 696 569 135
726 541 814 580 sqq.

470 632 618 679 Optima
646 633 829 668 silvarum
859 634 1006 668 interea
1026 633 1231 679 pelayique
1257 633 1402 669 vorabit

466 703 555 739 Rex
578 703 733 747 horum,
765 696 1090 749 vacuisquetoris
1113 708 1258 739 tantum
1282 704 1364 747 ipse
1389 702 1534 758 iacebit.
1561 721 1618 727 —
1637 721 1694 726 —

470 773 594 809 Poena
622 778 746 809 tamen
773 783 979 820 praesenS,
1010 784 1094 808 eum
1122 778 1161 810 tu
1191 773 1349 820 deponis
1378 774 1539 810 amictus

471 844 660 890 Turyidus
683 849 719 880 et
747 846 908 880 crudum
933 854 1121 891 pauonem
1147 846 1187 880 in
1211 844 1347 879 balnea
1373 848 1521 889 portas.

467 914 569 950 Hinc
598 916 744 952 subitae
773 920 911 952 mortes
939 909 1056 962 atque‘
1077 917 1254 952 intestata
1284 919 1470 951 senectus.

984 976 1015 1000 ο

267 1016 415 1059 Liberti,
446 1027 544 1065 quos
575 1015 805 1067 exsequiari
835 1015 1037 1053 dominum
1055 1015 1185 1053 Varro
1210 1013 1319 1060 dicit,
1349 1014 1614 1064 intellegendi
1640 1019 1744 1060 sunt,

264 1085 330 1136 qui
377 1083 539 1121 vixdum
583 1086 673 1137 ipsa
718 1091 845 1123 morte
882 1085 989 1123 illius
1027 1085 1257 1124 libertatem
1293 1086 1403 1123 nacti
1444 1090 1536 1123 sunt
1581 1083 1652 1135 (ef.
1696 1083 1744 1124 Ο.

263 1154 429 1193 Iahnius
461 1154 512 1192 ad
539 1157 650 1195 Pers.
682 1156 709 1195 1.
741 1156 846 1194 infra
877 1154 952 1206 o.):
991 1156 1126 1208 itaque
1158 1169 1226 1194 eos
1258 1160 1323 1194 vix
1351 1158 1503 1202 libertos
1535 1155 1610 1207 (sie
1641 1156 1747 1194 enim

264 1223 480 1275 coniungo)
510 1231 643 1264 vocat.
703 1224 938 1264 Turnebum
968 1226 1144 1279 quidem,
1176 1239 1297 1278 quem
1326 1224 1524 1270 Oehlerus
1552 1226 1744 1278 sequitur,

264 1310 351 1334 cum
390 1297 429 1334 in
461 1285 706 1335 adversariis
743 1295 935 1335 XXVIII
968 1301 1010 1335 12
1047 1299 1224 1345 protervi
1258 1297 1448 1335 coniiciat
1483 1310 1554 1349 pro
1584 1302 1746 1345 propter

261 1370 327 1404 vix
363 1351 574 1414 librorum,
621 1379 874 1418 corrumpere
910 1365 1132 1404 Varronem
1176 1366 1358 1406 arbitror.
1428 1366 1509 1406 Sed
1550 1370 1615 1406 vix
1653 1366 1745 1404 dum

262 1438 533 1489 explicatione
563 1443 689 1485 tueor,
715 1442 879 1485 propter
907 1434 1041 1474 labem
1069 1437 1242 1475 traxisse
1274 1437 1467 1486 concedo,
1499 1437 1604 1476 uude
1637 1437 1745 1489 quod

258 1520 425 1556 propere
457 1508 590 1556 elicui,
624 1521 671 1546 eo
703 1513 797 1560 apte
827 1507 1047 1554 festinatio,
1082 1521 1162 1559 qua
1189 1495 1435 1546 humandum
1467 1508 1668 1546 dominum
1695 1507 1742 1544 li-

259 1578 362 1617 berti
392 1585 550 1626 curant,
589 1577 754 1629 depingi
783 1577 955 1616 videtur.
1018 1577 1149 1628 Quam
1178 1591 1321 1616 vocem
1352 1578 1505 1630 possis,
1547 1579 1580 1616 si
1609 1578 1743 1616 Nonio
1800 1571 1801 1574 ¹

260 1663 298 1700 p.
328 1655 417 1696 421,
449 1654 471 1689 6
506 1647 607 1686 fid'es
643 1648 694 1686 sit
726 1651 792 1686 vix
831 1661 920 1686 esse
958 1651 1085 1686 statim
1122 1649 1163 1686 in
1200 1654 1433 1687 Eumnmmsus
1465 1648 1514 1686 fr.
1548 1654 1614 1696 43,
1654 1661 1743 1686 cum

260 1719 336 1758 hac
367 1719 568 1771 particula
599 1719 865 1769 coniungere,
906 1724 949 1756 ut
974 1732 1054 1757 non
1083 1733 1174 1757 raro
1202 1719 1420 1758 festinandi
1450 1699 1651 1758 voeasiula
1676 1731 1741 1756 cu-

259 1789 479 1827 mulantur:
514 1789 565 1826 cf.
590 1788 760 1827 Plautus
785 1789 825 1826 in
856 1788 1005 1827 Casina
1023 1789 1090 1826 III
1122 1796 1155 1836 6,
1181 1795 1241 1831 17:
1267 1802 1450 1839 propere,
1482 1794 1555 1829 cito
1579 1792 1742 1828 introite.

259 1858 342 1897 Sed
381 1859 476 1898 mihi
507 1860 645 1911 placet
680 1859 753 1897 illa
788 1865 998 1916 structura³
1026 1864 1092 1898 vix
1129 1862 1254 1898 liberti
1288 1861 1326 1899 h.
1368 1874 1403 1898 e.
1440 1861 1606 1900 vixdum
1643 1861 1744 1899 faeti

256 1928 404 1968 liberti.
466 1929 540 1968 Cui
580 1929 741 1977 favent,
790 1937 839 1972 ut.
873 1944 1030 1970 omnem
1066 1931 1307 1970 sententiam
1339 1931 1544 1970 illustrant
1555 1962 1579 1979 ,„
1602 1944 1743 1970 versus

256 2000 387 2038 Persii
417 2000 483 2038 III
512 2006 563 2043 98,
587 2014 695 2053 sqq.:
857 2005 859 2007 ’

463 2104 653 2151 Turqidus
679 2104 741 2140 hie
769 2104 891 2150 epulis
920 2108 1032 2150 atque
1061 2104 1144 2140 albo
1173 2108 1302 2141 ventre
1331 2081 1485 2141 lavanii·

461 2176 622 2212 Gutture
651 2175 883 2222 sulphureas
911 2175 1010 2210 lente
1035 2174 1243 2211 exhalante
1274 2174 1468 2221 mephites.

460 2244 536 2280 Sed
564 2250 706 2282 tremor
737 2247 837 2282 inter
867 2246 954 2282 vina
980 2246 1091 2290 subit,
1123 2246 1363 2292 calidumque
1392 2246 1564 2282 trientem

458 2316 621 2352 Eoecutit
644 2326 663 2351 e
692 2317 886 2359 manibus,
916 2317 1047 2352 dentes
1076 2325 1263 2362 crepuere
1292 2316 1425 2351 retecti
1452 2334 1508 2341 —
1535 2335 1608 2350 —-.

459 2384 562 2421 Hinc
594 2387 694 2431 tuba,
725 2388 928 2422 candelae:
960 2386 1186 2432 tandemque
1214 2386 1386 2422 beatulus
1411 2386 1486 2422 alto

460 2455 693 2501 Compositus
718 2457 812 2491 leeto
839 2457 1056 2502 crassisque
1083 2458 1227 2492 lutatus
1256 2457 1413 2492 amomis
1476 2449 1483 2458 ’

455 2524 504 2560 In
529 2530 683 2571 portam
713 2527 858 2572 riyidas
887 2529 1014 2563 calces
1042 2528 1235 2563 extendit:
1267 2531 1315 2563 at
1343 2527 1480 2563 illum

457 2594 693 2631 Hesterni
719 2597 881 2642 eapite
911 2598 1081 2634 induto
1111 2598 1307 2634 subiere
1338 2597 1566 2641 Quirites.

256 2693 319 2730 De
362 2698 597 2732 tetrametro
644 2681 926 2746 analiaestieo,
968 2711 1044 2749 quo
1081 2696 1185 2736 illud
1224 2691 1489 2747 fragmentur'n
1524 2694 1733 2745 descripsi,

256 2761 338 2801 dixi
368 2777 408 2815 p.
440 2770 497 2806 61.

367 2853 617 2895 Luxuriosae
655 2855 763 2894 vitae
801 2855 932 2894 Varro
971 2869 1079 2895 more
1117 2869 1187 2894 suo
1221 2857 1379 2908 pristini
1419 2855 1611 2906 temporis
1641 2855 1732 2893 sim-

251 2922 475 2974 plieitatem
504 2926 688 2977 opponit:
