1898 3236
717 269 1062 300 CONIECTANEA.
1587 261 1636 300 17

147 380 249 420 siva.
287 378 394 416 Nam
414 377 540 416 latine
559 383 670 415 recte
693 376 772 414 dici
795 380 1000 413 commutat
1021 386 1126 412 mens
1145 388 1227 412 non
1246 374 1351 424 fugit
1367 373 1634 424 Scaligerum,

146 450 215 500 qui
243 450 332 500 ipse
359 459 482 498 saepe
510 451 647 484 notum
673 444 868 483 tironibus
899 458 1015 483 usum
1044 444 1196 495 tetigit:
1238 445 1340 484 coni.
1367 445 1407 482 in
1438 445 1555 483 Varr.
1584 443 1635 481 de

145 527 189 557 re
218 525 316 557 rust..
346 533 386 570 p.
416 523 497 557 244.
529 522 609 556 255.
667 514 798 555 catal.
828 529 868 567 p.
901 521 979 556 119.
1011 522 1092 557 136.
1123 521 1192 556 215
1214 515 1324 554 alibi.
1375 514 1440 554 Of.
1473 514 1634 554 Gellius

145 591 294 630 XVIII
324 595 380 630 12.
439 589 506 627 De
534 599 635 632 voce
670 587 786 635 sriyi,
822 600 942 639 quam
974 586 1132 624 Nonius
1166 600 1206 637 p.
1239 574 1282 634 7,
1323 591 1366 626 16
1395 585 1633 638 synonymis

140 662 339 710 sriyuttire
377 665 418 698 et
448 659 657 707 fritinnere
697 657 911 710 explicuit,
949 655 1045 695 vide
1083 656 1258 694 eundem
1301 656 1557 706 Scaligerum
1591 656 1633 693 in

143 736 265 784 etym.
296 729 409 769 verb.
439 730 467 768 l.
499 743 533 767 c.
593 728 783 780 Denique
826 733 895 765 aut
932 727 1053 765 fallor
1090 732 1159 765 aut
1188 740 1239 765 ne
1277 727 1328 765 ab
1355 727 1434 765 hoc
1467 726 1630 779 quidem

142 802 367 851 fragmento
403 799 561 838 numeri
598 797 764 837 absunt:
813 798 948 849 priora
983 797 1146 850 quidem
1177 797 1298 836 video
1336 798 1546 836 commode
1589 798 1631 835 in

141 871 392 909 octonarium
418 869 669 908 trochaicum
697 869 826 907 coire:
1494 872 1495 876 ’

343 962 468 1010 Sae'pe
498 963 611 999 tocius
640 961 784 997 theatri
813 959 914 997 tibiis
942 961 1078 997 crebro'
1105 962 1293 1009 flectendo

141 1052 354 1104 eidemque
391 1064 627 1099 mensurae,
672 1049 790 1088 modo
818 1051 962 1099 friyier
997 1063 1171 1102 reponas
1208 1064 1280 1102 pro
1318 1051 1437 1100 fri9i‚
1473 1050 1632 1102 reliqua

139 1122 384 1161 subduntur:

341 1214 580 1251 &immutare
606 1212 770 1258 me'ntes,
797 1213 940 1261 friqier
968 1212 1115 1250 a'nimos
1142 1223 1274 1250 eorum
1293 1243 1300 1249 .
1321 1242 1328 1249 .
1349 1243 1355 1249 .
1377 1243 1383 1249 .

249 1305 319 1344 Fr.
346 1304 458 1342 XIII
489 1304 661 1356 apposui
691 1303 800 1351 fere,
832 1308 877 1341 ut
906 1303 1064 1341 Nonius
1094 1302 1262 1341 tradidit
1287 1317 1328 1355 p.
1359 1309 1450 1351 483,
1483 1308 1526 1342 12
1555 1302 1629 1341 sub

136 1374 214 1413 hoc
240 1374 451 1413 lemmate:
483 1375 712 1412 ‘mansuete'
741 1380 778 1411 et
804 1374 1015 1411 ‘mansues'
1047 1372 1183 1425 (immo
1205 1380 1438 1412 mansuetem
1460 1380 1502 1412 et
1522 1387 1629 1411 man-

60 1486 70 1495 .
134 1447 255 1494 suem)
272 1458 350 1493 pro
371 1447 658 1493 ‘mansuetum’,
681 1451 722 1483 uc
740 1448 790 1482 sit
809 1448 1062 1483 nominativus
1077 1444 1303 1484 ‘mansues'.
1323 1457 1366 1483 eo
1382 1448 1462 1483 loco
1485 1445 1630 1496 scripsi

137 1529 227 1553 cum
256 1516 431 1568 Popma,
474 1517 664 1568 quoniam
701 1515 810 1567 quod
848 1516 888 1553 in
922 1514 1036 1553 libris
1073 1520 1135 1553 est
1167 1527 1186 1553 e
1225 1518 1307 1554 loco
1338 1516 1416 1554 nisi
1445 1521 1629 1553 cont-orta

137 1586 410 1638 explicatione
455 1586 654 1625 vindicari
703 1587 865 1639 nequit:
913 1589 1016 1624 eloco
1057 1586 1138 1634 (ubi
1173 1588 1380 1636 quondam)
1419 1599 1493 1638 pro
1530 1589 1628 1631 ilico,

135 1656 245 1709 quod
273 1657 500 1697 Gulielmus
527 1658 704 1695 verisim.
734 1657 779 1696 II
808 1663 852 1698 13
881 1654 1064 1707 (Gruteri
1095 1656 1239 1709 Lamp.
1268 1657 1336 1696 III
1367 1671 1405 1709 p.
1439 1657 1524 1709 289)
1558 1671 1627 1695 ex-

64 1766 67 1768 ,
136 1729 352 1779 cogitavit,
397 1728 512 1766 nihili
558 1741 650 1767 esse
696 1726 946 1766 Ritschelius
983 1726 1093 1766 ‘dixit
1125 1729 1166 1766 in
1205 1727 1360 1780 proleg.
1399 1742 1438 1779 p.
1475 1739 1625 1767 CXXIII.

130 1799 311 1848 fecerunt
339 1811 535 1837 mansuem
565 1799 740 1837 correxit
769 1797 1017 1838 Gulielmus:
1050 1798 1173 1837 Nonii
1201 1798 1452 1851 exemplaria
1476 1800 1626 1848 ferunt.

135 1869 347 1909 Sententia
389 1876 430 1909 et
461 1883 590 1908 nexus
625 1870 841 1920 fragmenti
870 1883 923 1908 ne
961 1869 1183 1922 Oehlerum
1223 1871 1387 1922 quidem
1423 1871 1627 1921 fugerunt,

134 1941 203 1993 qui
247 1941 346 1979 ‘hac
383 1940 711 1979 narratiuncula’
755 1942 812 1980 ait
843 1942 990 1981 ‘Varro
1029 1938 1203 1992 probare
1245 1942 1382 1981 studet
1419 1942 1627 1980 mirificam

132 2012 214 2050 vim
250 2012 363 2051 illam
405 2018 445 2050 et
476 2012 784 2062 efficacitat'em‚
816 2026 937 2066 quam
965 2011 1121 2049 musica
1150 2010 1218 2048 vel
1250 2011 1291 2049 in
1323 2012 1432 2050 feras
1465 2018 1507 2051 et
1534 2012 1627 2051 bru-

132 2087 195 2120 tas
231 2081 384 2121 bestias
423 2084 617 2122 exercet?
680 2083 802 2135 Quod
840 2088 974 2122 autem
1012 2081 1184 2130 eandem
1222 2081 1405 2122 fabulam
1442 2096 1487 2122 se
1519 2083 1630 2135 apud

133 2153 255 2192 alium
292 2167 454 2206 quoque
492 2155 730 2207 scriptorem
767 2154 862 2193 olim
895 2155 1047 2205 legisse
1085 2153 1204 2200 dicit,
1253 2166 1327 2203 ego
1366 2168 1431 2192 me
1465 2159 1629 2206 praeter

131 2223 356 2263 Varronem
382 2226 543 2263 nescire
575 2225 698 2263 alium
729 2231 935 2264 auctorem
974 2226 1119 2263 fateor.
1167 2223 1348 2261 Leonem
1388 2237 1508 2276 quam
1545 2225 1628 2262 vim

130 2293 284 2332 habere
313 2295 355 2332 111
384 2295 495 2332 cultu
516 2308 688 2345 magnae
712 2295 814 2334 deae
835 2296 1045 2348 Phrygum
1075 2293 1323 2332 crediderint
1350 2307 1440 2332 cum
1462 2294 1626 2332 aliunde

131 2370 214 2402 tum
252 2377 303 2402 ex
339 2363 483 2402 Attide
523 2363 755 2404 Catulliano
793 2371 932 2404 notum
962 2371 1046 2404 est:
1098 2365 1353 2418 eandemque
1382 2366 1464 2403 vim
1493 2364 1626 2404 brevi-

132 2441 194 2473 ter
227 2435 358 2474 Varro
375 2462 380 2469 .
397 2436 598 2487 expressit
634 2435 743 2488 apud
775 2437 1047 2488 Augustinum
1088 2435 1138 2475 de
1177 2437 1342 2476 civitate
1373 2436 1439 2474 dei
1469 2436 1553 2475 VII
1582 2442 1628 2476 24

130 2508 274 2543 leonem
296 2509 508 2556 adiunqunt
526 2510 688 2546 solutum
721 2521 767 2546 ac
796 2514 1048 2555 mansuetum,
1079 2514 1121 2546 ut
1147 2511 1351 2547 ostendant
1377 2519 1459 2546 esse
1479 2511 1625 2546 nullum

129 2589 250 2625 yemis
280 2583 410 2614 terrae
441 2584 516 2615 tam
547 2584 732 2618 remotum
762 2592 809 2617 ac
834 2581 1072 2617 vehementer
1096 2581 1240 2629 ferum,
1273 2581 1376 2628 quod
1402 2592 1478 2616 non
1503 2581 1628 2628 subiyi

130 2651 276 2696 colique
297 2650 508 2687 conveniat.
550 2648 613 2688 Of.
639 2649 854 2689 Lucretius
874 2650 919 2689 II
939 2656 1009 2692 604
1028 2664 1088 2703 sq.
1131 2649 1303 2689 Ovidius
1325 2650 1440 2688 Fast.
1464 2650 1526 2689 IV
1543 2656 1624 2690 215.

129 2718 236 2758 Vide
269 2718 459 2758 Creuzer.
506 2721 632 2770 Symb.
664 2735 701 2760 u.
732 2711 853 2771 Myth.
892 2722 1098 2771 (Deutscke
1130 2722 1328 2770 Schriften
1359 2724 1385 2760 I
1406 2729 1427 2762 2
1450 2736 1493 2771 p.
1525 2725 1625 2771 373).

131 2788 234 2828 Inde
259 2790 440 2841 proclive
472 2797 534 2830 est
565 2791 819 2843 intellegere,
852 2792 919 2844 qui
951 2797 1039 2830 orta
1068 2794 1121 2831 sit
1145 2792 1216 2831 illa
1238 2805 1359 2845 quam
1381 2793 1512 2832 Varro
1537 2799 1626 2830 tan-

130 2860 190 2910 git
217 2862 411 2899 memoria
442 2862 493 2901 de
514 2861 741 2900 simulacro
768 2861 921 2909 leonis,
950 2876 1070 2915 quem
1095 2862 1207 2902 Galli
1233 2862 1435 2914 quondam
1465 2869 1624 2916 tympa-

129 2932 192 2969 nis
224 2933 578 2971 mansuefecerint.
638 2935 809 2972 Praetor
846 2932 1015 2971 Idaeum
1049 2940 1183 2972 autem
1214 2934 1375 2972 leonem
1404 2933 1543 2971 nescio
1575 2946 1627 2970 an

201 2999 378 3040 VAann
403 2999 511 3032 Com.
532 3011 570 3032 m
590 3001 709 3033 vinu.
730 3010 808 3032 SA'r.
1330 3001 1355 3042 2
