1898 3236
745 228 1090 263 comacum-A.
1251 209 1254 211 ⁵
1362 260 1369 266 .
1583 223 1665 263 217

179 340 284 378 curis
310 337 452 377 redeat
483 337 703 391 aliquando
733 336 998 385 Mercklinus,
1027 343 1072 375 ut
1101 336 1270 376 ‘viribus
1300 337 1440 376 unitis'
1474 338 1596 376 etiam
1625 338 1667 376 in

176 409 254 448 hac
279 422 409 456 causa,
425 408 601 462 denique
625 409 802 456 veritas,
835 408 971 461 quoad
992 409 1078 447 eius
1100 409 1189 459 fieri
1210 410 1360 461 possit,
1383 407 1665 459 investigetur.

291 479 375 520 Sed
409 493 488 533 qno
529 486 710 531 emergat
739 479 911 519 *tandem
947 480 1104 518 animus
1136 492 1184 517 ac
1218 484 1425 517 recreetur
1453 492 1504 518 ex
1536 479 1666 518 incer-

177 552 328 606 tissimi-
351 564 565 590 successus
597 556 638 589 et
665 551 840 594 maxime
869 550 1036 588 lubricis
1069 548 1388 603 quaestionibus,
1420 550 1546 589 liceat
1569 550 1668 590 mihi

177 628 381 674 tamquam
419 615 658 674 epimetrum
703 621 796 659 huic
836 621 1164 660 commentationi
1202 620 1506 659 emendationes
1546 634 1666 674 quas·

108 698 111 701 ’
179 693 271 732 dam
304 706 416 732 meas
449 693 491 731 in
519 693 583 731 his
615 692 810 732 Varronis
840 692 1022 745 reliquiis
1052 693 1183 737 factas
1211 691 1404 739 adiicere,
1431 691 1576 744 quibus
1606 688 1670 731 viss

178 763 276 803 deor
306 764 415 811 mihi,
447 776 566 815 spero
598 764 719 803 etiam
749 763 853 812 aliis,
879 769 949 802 aut
974 777 1114 802 verum
1141 769 1211 802 aut
1239 761 1349 815 quod
1379 762 1551 801 maxime
1573 776 1666 815 pro·

176 834 312 873 babile
354 835 406 873 sit
443 840 655 873 assecutus
694 847 798 873 esse.
857 835 1009 873 Earum
1039 835 1208 886 primam
1238 847 1260 873 e
1297 839 1482 872 Mrsrsnns
1514 839 1666 886 petam,
1717 855 1729 871 κ

177 905 288 951 cuius
318 910 480 944 saturae
510 905 560 943 fr.
590 911 612 946 6
642 905 699 943 ita
722 904 1037 957 habetur-apud
1065 899 1306 944 Oehlerum:
1340 899 1419 944 I'm't
1450 909 1568 955 vit-90,
1600 908 1670 943 dos

175 991 201 1014 a
228 978 386 1026 'femina
422 981 464 1014 ut
502 975 730 1023 auferatur,
779 987 878 1024 quae
921 977 1015 1013 miln·
1044 971 1296 1025 posteaquam
1342 979 1394 1015 ad
1424 978 1668 1015 concordiam

175 1049 279 1085 dicta
306 1053 364 1085 est
387 1066 459 1084 —·.
521 1045 654 1111 Quam
688 1046 950 1099 scripturam,
993 1060 1075 1085 non
1111 1045 1224 1088 illam
1252 1046 1418 1100 quidem
1451 1060 1502 1086 ex
1531 1059 1666 1085 exem-

175 1116 366 1170 plaribus·
385 1117 509 1160 Nonii
537 1118 705 1169 petitam
717 1111 739 1166 ,”
757 1131 848 1156 cum
877 1117 1009 1157 editor
1037 1119 1125 1170 ipse
1156 1117 1432 1169 supersederit
1461 1116 1667 1169 explicare

103 1209 105 1211 ν
170 1182 226 1226 ¹ac
260 1187 432 1227 viriliter
465 1189 647 1236 firmare,
686 1189 827 1227 nescio
857 1203 908 1228 an
942 1202 1017 1240 ego
1050 1187 1222 1227 debeam
1251 1187 1432 1239 pluribus
1461 1187 1666 1226 refellere.
1707 1238 1712 1242 ¹
1775 1214 1778 1216 v

177 1257 283 1296 Nam
315 1257 412 1297 licet
431 1259 554 1298 Nonii
581 1259 700 1311 culpa
722 1258 894 1311 abrupta
914 1259 966 1297 sit
990 1259 1204 1307 sententia,
1237 1264 1374 1296 tamen
1392 1271 1474 1296 non
1497 1257 1668 1296 multum·

177 1328 271 1367 fidei
301 1329 454 1380 habere
482 1330 710 1369 emendatio
734 1335 882 1383 potest,
914 1329 993 1368 nisi
1015 1330 1147 1368 animo
1174 1330 1261 1370 fere
1282 1330 1557 1381 integi-itatem
1577 1342 1668 1368 sen-

176 1400 328 1439 tentiae
367 1401 586 1439 informare
619 1402 772 1453 possis:
809 1402 852 1441 id
881 1401 991 1455 quod
1018 1385 1244 1441 vereor-ne
1273 1402 1315 1440 in
1344 1401 1416 1440 illa
1443 1400 1667 1438 conforma·

175 1470 285 1509 tione
305 1471 455 1510 nemini
478 1473 699 1523 contingat.
745 1472 829 1512 Sed
861 1458 1061 1525 app-onam
1081 1472 1204 1511 Nonii
1227 1472 1499 1528 testimonium
1520 1485 1561 1523 p.
1586 1477 1667 1518 280,

175 1547 221 1583 29
254 1543 438 1581 ‘Dicere’
470 1546 582 1581 etiam
604 1546 828 1592 promittere
847 1567 903 1572 --
924 1567 981 1573 —
1015 1545 1139 1582 Varro
1160 1543 1375 1592 mysteriis.-
1406 1529 1468 1580 (in
1488 1544 1530 1580 id
1549 1544 1668 1591 νίν-90,

130 1659 136 1664 ⁴
175 1616 244 1652 dos
273 1627 297 1651 a
322 1615 469 1663 femina
499 1621 542 1653 ut
571 1615 792 1664 auferatur,
828 1616 948 1664 quae'
978 1629 1012 1655 e.
1046 1629 1085 1667 q.
1108 1628 1142 1655 s,
1185 1613 1465 1654 commentum
1485 1612 1668 1666 Popmae

174 1687 214 1722 in
253 1687 295 1722 id
328 1687 458 1735 imqo,
498 1688 566 1724 dos
603 1699 684 1724 non
722 1685 850 1736 magis
891 1686 1028 1743 placet
1076 1699 1196 1738 quam
1234 1699 1302 1732 ea,
1344 1697 1426 1738 qua
1458 1685 1669 1736 vulgatam

175 1755 416 1806 scripturam
439 1756 640 1795 firmatum
668 1755 755 1803 ivit,
786 1755 1024 1808 explicatio:
1065 1756 1192 1794 ‘Eam
1221 1755 1278 1794 ob'
1302 1769 1387 1795 rem
1410 1757 1526 1808 virgo
1557 1757 1668 1796 duci-

141 1878 145 1882 .
176 1831 259 1873 tur,
285 1830 366 1881 'ut,.
384 1832 601 1880 postquam
639 1828 680 1865 in
719 1827 795 1866 viri
823 1839 966 1865 manus
996 1826 1129 1874 venit,
1167 1826 1400 1866 insimulata
1430 1828 1573 1879 flagitii
1601 1835 1670 1868 aut

177 1895 352 1935 criminis
383 1897 574 1947 alicuius,
609 1888 681 1937 dos
712 1897 763 1936 ab
793 1897 866 1936 illa
895 1897 1134 1936 auferatur?
1165 1941 1169 1944 Δ
1194 1899 1248 1937 Et
1278 1899 1528 1938 Concordiam
1559 1900 1668 1952 quod

98 1996 108 2004 .
175 1966 320 2006 suadet
349 1967 402 2007 ad
432 1974 610 2009 saturam
639 1974 710 2007 Tor
735 1973 880 2005 nume
904 1972 952 2005 To
978 1971 1148 2014 nmmos,
1175 1971 1272 2021 quia
1301 1971 1461 2021 signum
1489 1969 1665 2009 Concor-

174 2039 266 2078 diae
302 2053 430 2092 prope
454 2053 614 2092 'aquam
651 2040 829 2092 Appiam
867 2039 1010 2087 fuerit,
1057 2040 1127 2079 ubi
1164 2041 1379 2091 coniugum
1418 2041 1550 2091 iurgia
1588 2040 1668 2080 dis-

175 2110 462 2163 ceptabantur,
511 2111 736 2162 speciosius
784 2115 847 2148 est
889 2124 1010 2162 quam
1057 2107 1207 2150 verius.
1284 2111 1476 2163 Repono:
1523 2114 1668 2160 inquid,

173 2184 280 2229 iuro,
309 2183 377 2219 dos
405 2195 428 2218 a
458 2181 606 2229 semina
631 2186 673 2217 ut
697 2182 917 2230 auferatur.
977 2194 1077 2231 quae
1109 2165 1202 2220 mihi
1219 2188 1474 2231 posteaquam
1500 2185 1553 2220 ad
1579 2195 1669 2221 con-

174 2254 345 2290 cordiam
371 2253 474 2289 dicta
504 2257 561 2288 est
588 2273 662 2288 —.
710 2251 798 2289 Iam
827 2253 963 2307 priora
985 2252 1057 2291 illa
1077 2266 1158 2291 non
1180 2253 1311 2291 minus
1335 2251 1520 2305 abrupta,
1549 2267 1669 2305 quam

175 2314 420 2374 posteriora:
452 2321 610 2359 illorum
642 2323 886 2361 sententiam
907 2324 964 2362 ita
986 2323 1073 2362 fere
1101 2323 1199 2361 licet
1225 2322 1524 2374 redintegrare:
1563 2325 1672 2371 Quod

174 2395 209 2430 si
235 2405 310 2431 non
339 2395 425 2440 flet,
454 2393 563 2441 fore,
590 2394 725 2441 inquit,
756 2395 853 2438 iuro,
885 2396 953 2432 dos
983 2408 1007 2432 a
1033 2395 1182 2443 femina
1212 2400 1253 2432 ut
1276 2395 1497 2443 auferatur.
1540 2396 1667 2435 Dein-

177 2476 274 2515 ceps
310 2463 345 2501 is
373 2463 443 2516 qui
472 2462 544 2502 illa
573 2464 711 2503 retulit
737 2477 762 2503 a
792 2477 897 2503 novo
930 2459 1098 2504 exorsus
1130 2466 1337 2504 enuntiato
1366 2467 1520 2518 pergit:
1562 2468 1675 2513 Quae-

175 2536 267 2572 milu'
288 2540 540 2583 posteaquam
569 2537 622 2573 ad
646 2537 889 2578 concordiam
914 2539 1107 2584 promissa
1136 2542 1203 2574 ese.
1251 2537 1367 2576 Haec
1392 2543 1552 2589 sumpta
1578 2551 1668 2577 esse

176 2610 346 2658 apparet
365 2617 387 2643 e
404 2605 542 2656 iurgiis
563 2605 668 2644 inter
688 2611 921 2653 amatorem,
942 2606 1147 2659 repulsum
1163 2613 1208 2646 ut
1225 2607 1397 2655 videtur,
1421 2612 1462 2645 et
1476 2613 1666 2659 nuptam:

177 2682 287 2715 certe
321 2689 369 2715 eo
404 2689 478 2714 nos
500 2676 719 2715 'deducunt
756 2676 879 2715 etiam
923 2676 1005 2715 alia
1045 2676 1247 2729 quaedam
1285 2677 1467 2716 eiusdem
1505 2684 1667 2718 saturae

178 2744 425 2797 fragmenta:
464 2746 578 2786 velut
613 2746 691 2784 hoc
719 2760 799 2785 non
830 2746 1045 2786 obscurum
1076 2747 1216 2786 estfr.
1243 2754 1264 2788 5
1304 2747 1382 2786 Sed
1405 2750 1472 2786 tibi
1495 2749 1667 2797 fortasse

176 2819 274 2855 alius
304 2819 406 2855 molit
435 2822 472 2855 et
499 2819 623 2865 clepsit
653 2815 704 2855 ab
731 2816 1034 2868 indignabundo
1065 2823 1245 2856 amatore
1275 2817 1318 2855 in
1346 2823 1534 2870 nuptam,
1561 2831 1667 2871 quae

175 2887 287 2926 illum
317 2887 530 2936 remiserit,
559 2888 651 2927 iaci.
692 2888 781 2927 Iam
801 2888 1045 2927 sententiam
1070 2902 1160 2928 cum
1180 2889 1434 2941 recuperavi,
1467 2902 1528 2936 ea,
1561 2902 1666 2941 quae
