1898 3236
755 269 1099 301 οοΝιΕσΤΑΝΕΑ.
1616 263 1669 304 73

179 375 312 414 Recta
338 387 526 414 mensura
555 376 688 422 docet,
721 375 818 414 nihil
848 375 914 414 hic
943 375 1010 414 vel
1035 375 1337 427 transponendo
1358 376 1424 414 vel
1449 376 1670 426 omittendo

182 453 394 500 peccatum
426 460 517 486 esse
547 459 572 484 a
601 444 788 485 librariis.
848 445 916 484 Sic
947 446 1052 484 enim
1084 445 1289 484 dimetior:

1011 521 1132 557 oleum
1162 522 1200 557 in
1229 519 1530 556 lticubratio'nem
1586 563 1590 565 λ

383 588 628 626 Serna'bimus
656 599 771 636 quam
796 589 835 624 in
865 588 1055 638 spdrayos
1083 595 1199 628 totam
1223 574 1412 638 le'eytlmm
1441 590 1668 627 evertcimus.

180 660 368 711 Roepero
398 664 513 698 totam
544 657 726 697 debetur.
756 659 945 707 lecythum
975 660 1147 711 pulchra
1177 659 1406 698 emendatio
1428 659 1567 698 Rothi}
1594 665 1667 697 est.

178 731 414 768 servabimus
450 728 650 767 Oehlerus
692 729 886 775 correxit,
927 731 994 782 qui
1033 744 1113 770 non
1150 731 1327 770 debebat
1356 728 1542 768 dubitare
1573 741 1667 766 ean—

180 799 271 838 dem
309 800 599 838 correctionem
639 804 842 842 TAsAQums
877 802 1103 855 fragmento
1151 803 1270 841 unico
1311 799 1526 840 adhibere:
1585 800 1670 838 Non

179 863 286 908 modo
314 872 452 908 absens
481 873 683 919 quicquam
713 873 758 908 de
785 875 832 908 te·
848 875 1005 921 sequius
1028 875 1226 922 coqipavit,
1263 875 1332 910 sed
1353 875 1467 911 etiam
1497 873 1668 910 rumina-

177 943 279 978 bitur
314 941 599 979 humanitatem.
662 940 787 980 Cuius
829 941 1045 992 fragmenti
1078 950 1237 995 partem
1271 943 1445 995 priorem
1484 941 1667 980 Koehius
1713 982 1716 984 ,

178 1012 219 1050 in
248 1010 607 1050 exercitationibus
629 1024 668 1062 p.
690 1017 730 1052 31
766 1012 806 1049 in
832 1014 1052 1063 septenarii
1078 1014 1273 1052 trochaici
1294 1013 1464 1051 formam
1485 1011 1666 1062 redegit:

381 1085 466 1122 Νόη
491 1071 598 1120 7ηόἀο
629 1085 766 1121 absens
793 1085 999 1131 quicquam
1029 1087 1075 1122 de
1105 1090 1140 1122 te
1164 1086 1342 1133 co'yitabit
1363 1084 1530 1132 sequius.

179 1155 297 1206 Quae
335 1154 537 1193 restitutio
577 1167 666 1191 cum
703 1166 810 1191 nunc
845 1154 1086 1206 reprobetur
1124 1156 1200 1203 eis,
1240 1168 1345 1207 quae
1373 1153 1669 1193 Fleckeisenus

176 1226 217 1263 in
254 1239 359 1263 novo
397 1237 536 1262 museo
574 1223 772 1262 Rhenano
800 1226 907 1264 VIII
935 1240 976 1278 p.
1006 1232 1076 1268 223
1105 1226 1155 1265 de
1183 1227 1297 1266 vocis
1326 1227 1482 1274 sequius
1500 1223 1666 1281 ¹quanti—

176 1302 260 1334 tate
293 1295 442 1342 docuit,
474 1300 556 1332 tum
585 1307 748 1346 possum
769 1294 923 1349 absque
943 1298 1257 1350 transpositione
1280 1303 1406 1335 totam
1427 1295 1668 1334 sententiam

177 1367 259 1405 suis
287 1366 464 1404 numeris
490 1362 682 1404 reddere:

379 1467 386 1474 .
419 1437 493 1474 ηόη
524 1438 632 1474 modo
661 1438 797 1474 absens
825 1438 1030 1486 quicquam
1060 1441 1116 1476 de*
1136 1443 1171 1476 te
1201 1439 1358 1488 sequius
1387 1437 1575 1487 coqitdbit,

380 1508 456 1544 Sed
479 1494 592 1544 e'ticim
620 1507 879 1545 rumina'bitur
906 1510 1192 1547 humeinitalem.

176 1579 233 1617 Ut
270 1578 348 1616 hoc
388 1591 493 1615 nunc
533 1577 694 1615 tertium
726 1578 955 1630 exemplum
984 1581 1033 1619 iis
1068 1580 1259 1627 accedat,
1289 1578 1447 1632 -quibus
1477 1578 1665 1617 Fleckei-

178 1658 299 1688 senus
324 1652 479 1698 sequius
503 1649 633 1700 prima
661 1648 776 1687 brevi
807 1662 897 1688 esse
930 1650 1116 1689 ostendit.
1178 1649 1299 1689 Alter
1327 1663 1470 1689 versus
1499 1663 1580 1686 non
1608 1647 1666 1686 di-

176 1721 276 1758 rimo
323 1726 454 1758 utrum
492 1725 701 1758 truncatus
740 1721 791 1759 sit
829 1722 1102 1773 septenarius,
1157 1734 1207 1759 an
1247 1721 1429 1760 trimeter
1465 1720 1667 1759 ‘iambicus
1720 1742 1727 1748 ·

176 1790 558 1843 hypercatalectus,
600 1803 719 1842 quem
753 1797 922 1830 vocant:
970 1790 1079 1843 quod
1116 1804 1246 1842 genus
1284 1791 1434 1830 ibidem
1475 1789 1664 1830 Fleckei-

177 1875 296 1900 senus
337 1861 488 1912 tetigit:
528 1860 570 1899 in
594 1867 739 1900 neutra
768 1875 957 1901 mensura
988 1860 1150 1915 syllaba
1183 1876 1354 1914 anceps,
1399 1876 1502 1915 quae
1535 1868 1597 1901 est
1626 1863 1668 1900 in

175 1934 444 1978 ruminabitur,
473 1933 689 1985 quicquam
721 1933 962 1971 offensionis
985 1931 1123 1971 habet.

289 2002 435 2042 Habeo
467 2002 642 2055 denique
670 2017 792 2042 unum
825 2004 945 2042 etiam
978 2003 1215 2043 deminutivi
1247 2003 1475 2056 exemplum
1507 2018 1531 2042 a
1560 2004 1666 2042 Roe-

175 2087 273 2126 pero
303 2073 504 2112 detritum.
566 2081 790 2113 stncroncm
823 2076 928 2114 enim
958 2075 1006 2114 fr.
1032 2082 1055 2117 3
1084 2078 1171 2114 libet
1195 2087 1252 2113 me
1280 2077 1572 2125 epiyrammatia
1602 2076 1665 2123 fa-

173 2156 274 2190 cere,
304 2149 340 2182 et
367 2148 546 2193 quoniam
576 2150 729 2185 nomina
753 2159 828 2185 non
856 2150 1025 2194 memini,
1058 2149 1160 2195 quod
1187 2148 1225 2183 in
1255 2148 1375 2184 solum
1404 2147 1496 2183 mihi
1526 2147 1668 2188 venerit

168 2229 333 2264 ponam,
366 2229 455 2254 cum
485 2218 926 2256 verissime-sensisset
957 2231 1146 2256 numeros
1178 2217 1342 2264 offerre,
1371 2217 1445 2254 hos
1477 2215 1570 2254 inde
1604 2228 1665 2253 se-

175 2287 310 2326 narios
342 2287 516 2326 effinxit:

369 2359 484 2404 ‚Libe't
514 2370 571 2395 me
597 2361 877 2407 epiyrctmmata
904 2359 1053 2406 fdcere,
1085 2364 1121 2396 el
1151 2361 1330 2407 quoniam
1361 2360 1515 2397 no'mina
1666 2349 1686 2367 “

378 2431 464 2467 Νοη
490 2427 653 2473 me'mini,
685 2431 889 2477 quodquod
916 2429 956 2466 in
983 2431 1104 2468 solum
1136 2432 1228 2468 milei
1253 2430 1400 2469 ve'nerit

378 2501 536 2538 Pondm.

175 2572 255 2610 Pro
298 2570 471 2622 simplici
509 2572 609 2619 quod
646 2570 825 2621 reposuit
865 2573 1071 2620 quodquod
1113 2578 1153 2610 et
1183 2572 1344 2624 scripsit
1374 2574 1665 2621 epigrammata.

179 2642 316 2681 Utitur
344 2641 384 2679 in
413 2641 490 2679 hac
519 2653 577 2689 re,
608 2645 653 2678 ut
679 2653 802 2692 saepe
828 2641 938 2690 alibi,
971 2643 1127 2696 aliquot
1153 2644 1408 2696 antiquarum
1433 2643 1555 2681 Nonii
1581 2641 1663 2680 edi-

177 2713 330 2750 tionum
361 2711 614 2757 auctoritate,
644 2723 765 2762 quam
795 2724 884 2762 ego,
910 2719 954 2751 ut
980 2726 1086 2752 nune
1115 2727 1180 2753 res
1216 2720 1286 2762 est
1309 2714 1435 2752 omnis
1459 2712 1663 2758 Noniana,

177 2790 245 2821 aut
275 2783 374 2822 nihil
406 2788 475 2821 aut
497 2794 742 2834 perpaucum
771 2782 910 2822 valere
941 2778 1125 2823 arbitrorss
1184 2784 1266 2824 Sed
1297 2784 1425 2823 voluit
1454 2783 1562 2822 haud
1593 2782 1663 2820 du-

176 2853 242 2892 bie
270 2854 482 2905 Roeperus
513 2867 621 2901 eam,
667 2866 770 2905 quae
800 2855 1092 2902 epiyrammatia
1121 2855 1250 2893 forma
1286 2855 1468 2901 infertur,
1499 2853 1663 2906 positio-

176 2937 267 2962 nem
294 2924 524 2975 neglectam
557 2922 761 2962 devitare:
794 2935 900 2975 quae
931 2925 963 2963 si
986 2938 1083 2964 vera
1106 2932 1191 2964 erat
1216 2925 1398 2971 offensio,
1429 2923 1663 2976 praestabat
