1898 3236
742 245 1086 277 coum-cunm.
1576 239 1655 280 139

166 353 246 391 sint
271 351 413 404 pedati
444 351 606 391 dicendi
634 358 675 391 et
700 352 810 406 quod
833 357 918 390 arte
940 356 1116 401 compari
1137 355 1342 409 rhythmon
1363 352 1462 392 dicit
1482 354 1657 393 voluerit

165 429 292 463 artem
324 437 556 476 comparum
586 437 843 463 numerorum
867 423 1064 475 intellegi.
1123 425 1288 464 Deinde
1318 424 1532 464 collocatio
1562 439 1652 464 ver-

165 495 306 534 borum
354 501 439 534 arte
482 499 658 545 compari
690 497 895 544 rhythmon
925 500 1074 534 certum
1112 509 1193 534 non
1230 495 1353 535 debet
1389 496 1431 534 in
1469 497 1653 535 Varrone

167 566 407 619 displicere,
445 579 564 618 quam
600 568 732 620 quivis
762 566 927 618 politior
953 570 1076 618 poeta
1105 566 1174 606 vel
1202 559 1260 606 ita
1289 567 1530 606 variaverit:
1568 574 1653 605 arte

164 644 309 677 certum
346 640 521 686 compari
554 640 778 687 rhythmon‚
825 638 894 676 vel
931 643 1080 676 certum
1113 644 1197 675 arte
1228 639 1432 686 rhythmon
1466 642 1651 691 compari,

165 709 232 747 vel
263 708 393 748 aliter.
453 708 642 759 Denique
672 721 739 747 res
777 723 825 748 eo
857 710 1087 756 conficitur,
1119 708 1227 760 quod
1256 709 1314 747 ita
1344 699 1496 761 scripta
1525 699 1657 749 verba!

163 779 205 816 in
234 792 421 818 numeros
452 783 612 817 coeunt.
677 779 782 819 Vide
814 781 922 820 enim
948 780 1023 819 hos
1051 780 1151 819 duos
1182 779 1453 829 choliambos,
1485 795 1653 834 quorum

164 850 323 900 integer
352 849 468 897 alter,
500 851 604 889 alter
631 864 711 890 uno
735 852 842 904 pede
869 865 1036 890 mancus
1067 858 1150 890 est:

366 953 423 989 Ne
453 953 515 990 me'
537 955 705 1001 pedatus
735 954 915 992 ve‘rsuum
948 984 956 991 .
991 984 998 990 .
1031 953 1169 992 ta'rdor

366 1020 557 1071 Refre'nei‘
581 1029 666 1062 arte
693 1026 870 1073 co'mpari
897 1026 1102 1074 rhythmdn
1131 1010 1292 1062 certum.

164 1122 318 1162 Suadet
349 1123 455 1162 enim
484 1117 574 1178 ipsa
602 1127 704 1165 ratio
736 1126 903 1165 metrica
930 1127 972 1165 in
1001 1126 1136 1165 medio
1167 1126 1300 1178 potius
1329 1137 1450 1178 quam
1475 1127 1516 1165 in
1536 1128 1651 1166 initio

162 1193 407 1245 bisyllabam
436 1210 579 1235 vocem
611 1196 742 1248 (velut
771 1199 898 1247 nimis)
927 1197 1165 1236 desiderari.
1230 1198 1442 1235 Tar-dorem
1467 1211 1541 1249 pro
1571 1203 1651 1237 tar-

165 1265 311 1311 ditate,
341 1265 608 1316 tarditudine‚
641 1268 804 1308 tarditie
837 1270 926 1322 quis
956 1268 1104 1308 dixerit
1131 1273 1295 1319 praeter
1324 1268 1550 1307 Varronem
1581 1283 1650 1308 ne-

162 1337 310 1391 minem
339 1338 461 1376 novi:
507 1343 551 1376 ut
580 1337 714 1378 eidem
742 1340 948 1391 proprium
972 1339 1137 1392 videtur
1165 1350 1307 1376 curvor
1333 1352 1407 1390 pro
1438 1341 1650 1388 curvitate,

164 1408 409 1455 curvamine,
441 1413 669 1447 curvatura.
715 1409 821 1449 Vide
849 1410 899 1449 de
926 1410 1066 1461 lingua
1099 1409 1227 1447 latina
1255 1409 1294 1448 V
1317 1415 1393 1450 104.
1424 1411 1508 1450 VII
1529 1418 1574 1453 25
1593 1413 1652 1452 Μ.

275 1480 383 1518 Huic
414 1486 549 1517 autem
577 1479 686 1531 quod
715 1480 765 1518 fr.
787 1481 875 1519 XII
905 1480 1095 1530 adiungo,
1110 1467 1249 1518 'sentio
1278 1487 1400 1532 quam
1423 1482 1541 1520 -tenui
1570 1481 1652 1521 fide

163 1549 204 1588 id
236 1550 397 1588 faciam.
456 1551 615 1602 Nempe
642 1550 835 1601 putabam
864 1551 946 1590 tale
977 1550 1075 1603 quid
1106 1551 1280 1589 Varroni
1314 1549 1516 1590 obiectum
1545 1566 1649 1600 esse,

163 1621 240 1660 isto
270 1620 389 1659 modo
419 1622 591 1659 miscere
622 1635 670 1660 ac
701 1623 861 1661 variare
890 1636 1048 1670 versus,
1080 1621 1137 1660 nil
1166 1634 1356 1672 magnum
1385 1623 1453 1662 vel
1483 1623 1652 1663 difficile

164 1705 269 1730 esse.
339 1691 414 1731 Cui
445 1693 503 1731 it'a
539 1693 669 1731 Varro
709 1692 986 1745 responderit:
1034 1692 1076 1731 id
1116 1698 1249 1731 utrum
1283 1707 1472 1745 magnum
1510 1696 1562 1735 sit
1599 1710 1651 1734 an

162 1776 344 1815 parvum,
375 1763 497 1802 facile
523 1778 574 1802 an
606 1763 785 1810 difficile,
817 1762 917 1801 nihil
946 1763 998 1801 ad
1018 1777 1122 1802 rem:
1159 1777 1207 1802 ac
1227 1764 1448 1816 proclivius
1472 1780 1563 1805 esse
1587 1780 1648 1805 re·

161 1834 415 1886 prehendere
445 1848 564 1887 quam
595 1835 754 1874 imitari.
815 1834 967 1873 Eorum
997 1834 1211 1874 verborum
1240 1830 1396 1875 numeri
1425 1850 1505 1875 non
1535 1837 1648 1888 fuge-

162 1912 253 1944 runt
281 1905 484 1944 Kochium
518 1906 560 1944 in
589 1905 946 1945 exercitationibus
974 1907 1026 1956 Ρ(
1050 1913 1115 1954 19,
1154 1907 1223 1960 qui
1248 1913 1385 1946 tamen
1414 1910 1553 1947 nescio
1582 1922 1651 1946 cur

162 1978 313 2016 inserta
341 1980 491 2026 quidem
522 1977 721 2028 particula
750 1977 931 2016 mutilum
957 1977 1147 2016 maluerit
1176 1977 1444 2016 trochaicum:

365 2081 474 2125 Quo'cl
502 2078 687 2130 [quidem]
720 2086 847 2117 utrum
877 2081 925 2117 sit
954 2080 1133 2128 ma'ynum
1159 2093 1209 2117 an
1233 2085 1420 2127 parvum,
1450 2064 1570 2128 fdcile
1600 2095 1651 2119 an

1309 2151 1462 2198 diffict'cl
1488 2173 1543 2177 -—

163 2253 283 2292 quam
309 2240 509 2290 integrum
537 2253 656 2290 quem
687 2238 813 2277 verba
838 2238 1037 2290 praebent
1068 2239 1292 2278 senarium:

302 2344 305 2346 ·
366 2330 475 2375 Quod
500 2331 627 2366 utrt'cm
653 2331 702 2366 sit
728 2341 905 2385 magnum
937 2343 987 2367 an
1011 2329 1192 2377 pdrvum,
1219 2331 1339 2378 facile
1370 2344 1420 2368 cm
1451 2333 1614 2381 difficul.
1642 2328 1657 2336 ⁶

163 2432 350 2482 Denique
389 2431 494 2468 hanc
534 2443 692 2469 omnem
734 2430 971 2469 fastidiosae
1008 2431 1316 2471 insimulationis
1348 2433 1554 2484 repulsam
1590 2436 1647 2473 vi-

162 2515 229 2540 sus
268 2508 328 2540 est
360 2501 455 2539 mihi
487 2501 614 2539 Varro
645 2502 824 2551 graviter
854 2501 916 2540 his
948 2501 1105 2541 duobus
1140 2504 1386 2542 tetrametris
1418 2506 1647 2556 anapaesti-

163 2573 220 2610 cis
250 2572 452 2610 finivisse:

274 2663 383 2701 XIII
416 2661 471 2713 (8)
510 2662 615 2712 Ipsis
641 2665 723 2700 istis
752 2663 865 2701 dicite
892 2664 1074 2702 ‘labdae'
1102 2670 1138 2702 et
1170 2666 1270 2703 vivo's
1298 2669 1521 2703 contemnite
1556 2666 1630 2703 vivi
1638 2682 1649 2702 .-

516 2732 733 2782 Anu'cipate
770 2739 884 2782 alque
914 2735 1042 2772 addite
1071 2738 1223 2782 calcar,
1261 2738 1395 2774 stultos
1424 2739 1649 2774 contemnite

1422 2808 1533 2845 ducti.

161 2895 252 2934 Hoc
288 2895 394 2934 enim
428 2903 496 2934 aut
532 2895 662 2934 Varro
701 2893 778 2933 sibi
807 2895 893 2946 ipse
924 2894 1050 2943 dicit,
1085 2903 1154 2935 aut
1185 2897 1262 2935 sibi
1294 2896 1345 2936 ab
1376 2897 1455 2936 alio
1473 2892 1562 2936 vdici
1592 2897 1645 2937 si·
