1898 3236
776 252 1118 285 conmerANEA.
1249 273 1252 276 .
1598 244 1689 286 7163

203 359 395 413 sponderi
414 365 512 412 puto
531 359 660 399 altero
680 359 920 410 fragmento,
939 358 1086 398 abesse
1101 357 1203 397 illud
1217 357 1379 408 longius
1399 357 1450 397 ab
1468 358 1687 409 elegantia,

203 430 365 484 quando
402 429 544 470 sabulo
585 435 738 469 stratae
774 430 867 469 viae
904 443 978 482 per
1016 419 1451 471 ambulationem'mox
1481 429 1597 468 fundi
1625 443 1687 468 re-

138 520 142 525 ·
203 515 300 541 cens
330 501 432 540 arati
456 501 634 554 speciem
662 501 853 540 referant.
901 500 1124 553 Peristylia
1152 499 1240 538 sive
1265 500 1465 553 peristyla
1495 499 1554 552 (in
1574 500 1688 540 libris

201 573 324 612 Nonii
337 587 376 626 p.
400 578 477 621 169,
499 578 541 613 10
550 575 738 621 peristilis
754 569 916 622 legitur,
935 585 1016 611 non
1030 572 1252 621 peristyliis,
1273 570 1326 610 ef.
1339 571 1470 611 Varro
1486 571 1537 610 de
1549 571 1690 623 lingua

199 644 327 683 latina.
346 644 453 684 VIII
473 641 535 694 29)
558 655 663 694 quae
682 648 893 691 vocentur,
915 647 1051 681 notum
1073 647 1154 681 est:
1175 629 1434 694 pertinebant
1450 647 1585 682 autem
1605 656 1687 682 ma-

200 715 307 754 xime
331 714 385 754 ad
411 714 550 753 domos
563 713 821 764 magnificas:
846 714 954 766 quod
973 713 1182 754 Vitruvius
1201 712 1354 752 indicat
1370 714 1431 752 VI
1448 722 1470 755 5
1494 716 1690 753 Nobilibus

199 798 309 832 vero,
339 788 408 834 qm·
433 786 597 823 bonores
622 787 944 835 mayistratusque
971 787 1139 834 yerendo
1161 789 1371 832 praestare
1397 786 1533 823 debent
1555 786 1689 834 officia

199 858 362 902 civibus,
399 856 584 905 facienda
621 861 714 893 sunt
744 858 928 894 vestibula
965 858 1130 905 reqalia,
1177 858 1256 894 alta
1287 858 1390 893 atria
1419 860 1456 893 et
1480 858 1687 906 peristylia

199 930 446 976 amplissima.
505 926 556 964 In
594 926 652 965 eis
689 939 788 965 vero
822 925 992 965 aedibus
1029 931 1264 979 cryptarum
1291 925 1429 964 nullus
1462 940 1558 966 usus
1594 928 1684 976 fuit,

199 997 309 1050 quod
335 996 486 1035 ibidem
514 997 725 1036 Vitruvius
756 996 874 1037 dicit:
908 999 1014 1045 Quae
1042 1002 1168 1037 autem
1195 997 1391 1046 fructibus
1418 1000 1575 1036 rusticis
1604 1010 1686 1036 ser-

198 1071 324 1114 viunt,
365 1070 406 1106 in
435 1080 567 1106 eorum
592 1070 783 1107 vestibulis
810 1071 981 1116 stabula,
1019 1071 1223 1115 tabernae,
1253 1070 1293 1106 in
1324 1069 1482 1107 aedibus
1511 1073 1685 1117 cryptae,

197 1141 360 1185 horrea,
406 1140 616 1187 apothecae
659 1140 864 1188 ceteraqae
912 1152 1011 1189 quae
1047 1142 1100 1178 ad
1131 1140 1292 1189 fructus
1322 1141 1534 1187 servandos
1565 1142 1688 1188 maqis

197 1223 312 1259 quam
342 1212 394 1248 ad
419 1212 629 1258 eleyantiae
657 1212 831 1263 decorem
854 1216 1022 1259 possunt
1049 1222 1143 1257 esse,
1173 1213 1228 1248 ita
1257 1215 1346 1249 sunt
1363 1210 1561 1259 facienda.
1602 1211 1685 1248 Ita-

199 1294 278 1334 que
307 1282 438 1321 Varro
469 1279 577 1332 quod
607 1279 749 1319 adiicit
786 1284 854 1330 qui
879 1286 1039 1331 cryptas
1066 1283 1168 1320 domi
1194 1293 1270 1319 non
1299 1281 1458 1328 babent,
1485 1294 1570 1331 non
1598 1295 1685 1320 rus·

195 1352 366 1390 ticarum
417 1351 492 1390 sed
530 1350 726 1390 nobilium
771 1356 813 1391 et
855 1350 1071 1390 lautiorum
1121 1351 1284 1391 aedium
1320 1365 1581 1404 possessores
1615 1352 1685 1392 de-

197 1422 350 1474 signat,
383 1435 551 1475 quorum
579 1422 754 1461 maxime
785 1422 1016 1474 exemplum
1049 1422 1344 1473 elegantiarum
1375 1422 1545 1462 istarum
1575 1436 1683 1461 ama—

195 1500 259 1533 tor
296 1493 412 1547 sequi
451 1492 640 1532 debebat.
696 1493 836 1547 Atque
870 1492 946 1532 hos
983 1494 1025 1532 in
1062 1493 1144 1533 suis
1176 1494 1386 1550 peristylis
1417 1494 1474 1532 ait
1502 1507 1584 1533 non
1611 1508 1684 1547 pa·

195 1564 440 1603 vimentatas
477 1563 656 1615 porticus
694 1564 866 1613 habere,
912 1564 987 1604 sed
1021 1558 1305 1604 ambulationis
1346 1578 1470 1604 causa
1498 1565 1685 1605 sabulum

196 1634 333 1673 iacere
368 1647 393 1671 a
422 1637 576 1683 pariete
609 1634 649 1672 h.
678 1647 713 1674 e.
745 1648 795 1674 ea
829 1640 947 1688 parte
980 1648 1086 1688 quae
1115 1635 1251 1675 media
1279 1641 1342 1675 est
1368 1636 1475 1676 inter
1503 1637 1682 1689 parietes

197 1711 238 1744 et
282 1703 501 1743 columnas.
577 1703 694 1756 Quae
743 1719 834 1744 cum
888 1719 970 1744 non
1018 1705 1192 1745 obscura
1243 1706 1345 1756 sint,
1398 1703 1684 1747 difficultatem

196 1775 351 1815 addunt
379 1775 564 1828 proxima
592 1782 659 1815 aut
690 1780 840 1827 eyistis:
878 1778 937 1816 sic
968 1776 1075 1816 enim
1101 1776 1215 1826 libri,
1254 1777 1364 1817 unde
1399 1785 1494 1818 ante
1522 1779 1682 1819 Merce-

195 1859 282 1885 rum
313 1852 381 1885 aut
407 1849 556 1895 cryptis
581 1846 808 1899 legebatur,
840 1848 1027 1900 Scaliger
1054 1855 1123 1888 aut
1150 1861 1171 1888 e
1200 1853 1328 1900 xystis
1357 1849 1547 1889 restituit.
1598 1849 1681 1890 S'ed

193 1930 270 1957 nec
306 1916 384 1956 hoc
425 1930 502 1957 nec
534 1917 638 1957 illud
672 1933 750 1959 nec
786 1920 1010 1960 Forcellini
1043 1927 1086 1959 ut
1120 1923 1160 1959 in
1190 1923 1338 1970 cryptis
1356 1920 1445 1973 ·qui
1482 1920 1683 1973 explicem

191 1987 335 2027 habeo.
397 1987 578 2040 Cryptae
616 1989 666 2028 ab
706 1990 785 2030 hoc
811 1992 901 2031 loco
926 2005 1092 2045 prorsus
1122 1991 1303 2030 alienae:
1341 2003 1362 2030 e
1389 1983 1518 2041 xystis
1547 1996 1683 2031 autem

190 2059 270 2097 iaci
305 2058 510 2107 sabulum,
544 2059 682 2112 inepte
711 2061 868 2100 dicitur.
927 2063 1122 2114 Intellegi
1147 2062 1276 2114 possit
1301 2053 1380 2101 hoc
1407 2069 1449 2101 ut
1473 2066 1513 2101 in
1542 2067 1682 2112 xystis,

191 2135 236 2168 ut
272 2129 378 2168 iacto
415 2129 557 2168 sabulo
596 2132 776 2183 porticus
806 2145 937 2186 aeque
969 2128 1154 2186 ac⁸xysti
1181 2133 1406 2173 reddantur
1430 2133 1680 2182 ambulacra,

190 2200 270 2238 nisi
304 2190 422 2252 quod'
441 2199 538 2239 illae
571 2206 706 2257 tectae
736 2203 835 2252 sint,
865 2202 907 2242 hi
938 2203 1216 2257 hypaethrae,
1247 2218 1347 2258 quas
1373 2205 1583 2246 Vitruvius
1608 2219 1679 2257 ap-

191 2270 322 2322 pellat
350 2270 410 2309 VI
439 2274 474 2316 7,
505 2270 813 2312 ambulationes.

304 2341 372 2380 Fr.
390 2340 523 2379 XXII
546 2341 671 2393 plana
682 2348 754 2382 'est
772 2347 986 2394 sententia,
1017 2360 1139 2400 quam
1160 2347 1400 2399 significavi,
1427 2347 1556 2387 verba
1578 2349 1677 2386 nonss

193 2410 287 2450 dum
317 2411 531 2453 emendate
559 2412 800 2454 scribuntur.
850 2417 1118 2470 Exemplaria
1144 2419 1268 2458 Nonii
1288 2433 1329 2472 p·
1352 2426 1432 2468 152,
1460 2426 1505 2462 19
1528 2420 1586 2458 ita
1605 2420 1676 2458 ha-

190 2481 307 2520 bent:
347 2495 383 2520 n.
422 2496 454 2522 v.
492 2486 532 2522 in
559 2486 718 2534 publica
753 2493 861 2526 nocte
899 2495 934 2527 te
969 2493 1172 2530 tabernas:
1209 2490 1317 2529 unde
1352 2489 1462 2543 quod
1492 2489 1678 2540 Scaliger

191 2553 348 2592 effinxit
383 2556 423 2592 in
455 2557 613 2604 publica
650 2563 784 2598 nostra
815 2561 996 2608 taberna,
1028 2575 1105 2601 nec
1143 2563 1339 2601 memoria
1369 2560 1565 2600 librorum
1599 2575 1676 2600 nec

188 2625 280 2676 ipsa
310 2625 612 2666 commendatur
639 2631 854 2670 sententia.
905 2623 1126 2672 'Gerlachii
1152 2633 1427 2672 coniecturam
1455 2636 1494 2672 in
1521 2635 1676 2682 publico

189 2701 298 2734 nocte
327 2698 509 2735 tabernas
545 2696 745 2738 Oehlerus
774 2702 995 2754 expressit,
1033 2704 1102 2756 qui
1132 2703 1313 2743 subiicit:
1352 2702 1590 2752 ‘tabernae,
1625 2703 1676 2742 de

189 2765 335 2819 quibus
364 2767 495 2807 Varro
533 2767 734 2821 loquitur,
778 2770 968 2811 videntur
1000 2772 1216 2826 lupanaria
1252 2774 1375 2813 esse.⁹
1429 2774 1514 2813 Sed
1541 2773 1676 2827 neque

186 2838 386 2878 rationem
429 2837 551 2878 video
595 2851 666 2878 cur
701 2853 727 2879 a
762 2841 1046 2892 vulgatissima
1081 2844 1341 2883 tabernarum
1379 2846 1676 2896 significatione
1736 2838 1741 2840 ⁷

114 2918 120 2923 ·
187 2908 446 2959 recedamus,
485 2924 563 2950 nec
601 2912 636 2951 si
672 2917 809 2951 tamen
847 2912 1062 2966 lupanaria
1089 2916 1221 2956 Varro
1249 2915 1370 2964 dixit,
1404 2917 1472 2969 qui
1501 2916 1577 2956 sibi
1606 2917 1676 2956 vel

392 2985 394 2987 '
1259 3002 1261 3005 ·
1321 2983 1404 3022 11*
