1898 3236
755 243 1099 276 conlnc'rANEA.
1620 237 1671 276 15

400 351 592 390 Venabula
621 355 689 389 aut
717 351 850 390 cervo's
880 353 948 390 tibi
974 353 1042 400 qui
1067 350 1124 389 m'l
1150 352 1243 389 mali
1267 350 1461 399 fece'runt.

188 454 432 494 quamquam
467 441 536 480 vel
572 454 622 481 ea
655 441 877 480 mutatione
911 441 1009 480 licet
1042 440 1216 480 fortasse
1251 441 1415 493 impune
1445 435 1672 480 abstinere.

189 511 306 563 Quae
338 517 560 565 sequuntur
597 513 668 559 ah,
711 516 833 550 artem
865 513 1116 560 praeclaram
1153 524 1203 550 ea
1238 524 1319 550 non
1352 506 1542 550 ridentur
1579 525 1672 551 con-

188 584 302 623 clusa
337 597 459 623 versu
494 583 634 622 fuisse.
693 583 759 622 De
793 582 996 621 sententia
1031 581 1135 620 illud
1173 579 1300 631 addo,
1343 596 1425 622 non
1457 588 1611 622 temere
1650 597 1675 622 a

187 653 369 693 Varrone
398 649 655 692 immodicum
683 652 861 692 venandi
891 651 1068 691 studium
1089 653 1230 705 carpi,
1276 652 1386 706 quod
1413 653 1522 693 idem
1549 667 1673 706 pecu-

186 723 275 762 liari
314 728 473 771 satura,
515 725 579 763 cui
612 724 913 775 Meleagrorum
949 737 1097 762 nomen
1132 724 1340 776 praefixit,
1378 723 1517 764 dedita
1550 739 1676 778 opera

185 795 443 846 perstrinxit:
475 795 589 833 cuius
617 799 778 834 saturae
807 794 1014 847 reliquias,
1044 807 1096 833 ne
1118 807 1225 833 nunc
1245 795 1363 834 nimis
1388 795 1673 848 disputationis

185 871 302 903 tenor
326 865 662 917 interrumpatur,
692 865 800 904 infra
828 865 1055 905 illustrabo.
1527 865 1530 867 ’

298 937 507 988 Deinceps
537 935 736 983 musicus,
776 949 854 988 quo
883 949 997 975 suam
1027 941 1155 975 artem
1184 950 1209 975 a
1239 942 1472 990 contemptu
1503 937 1690 976 aliorum-

185 1006 387 1055 vindicet,
427 1007 656 1046 accuratius
685 1006 771 1045 eius
803 1007 900 1046 artis
928 1008 1219 1059 praestantiam
1252 1013 1293 1046 et
1321 1007 1499 1046 indolem
1529 1021 1672 1060 expro-

185 1092 295 1118 mere
324 1079 480 1131 incipit.
541 1078 595 1118 Se
623 1091 712 1117 eam
737 1077 917 1130 profiteri
947 1084 1095 1125 artem,
1129 1090 1234 1130 quae
1261 1091 1313 1117 ne
1342 1077 1393 1117 ab
1424 1077 1485 1116 dis
1511 1078 1674 1130 quidem

186 1150 322 1189 aliena
352 1151 425 1189 sit:

297 1241 362 1280 XI
383 1239 462 1292 (18)
524 1241 646 1286 Quam
675 1241 845 1278 mo'bilem
874 1241 1002 1277 divum
1030 1241 1156 1289 lyram
1186 1242 1244 1278 sol
1270 1239 1452 1289 Iaa'rmoye

520 1309 695 1357 Quada'm
725 1313 947 1360 gubernans
972 1313 1134 1350 metibus
1162 1312 1237 1349 diis
1261 1318 1377 1360 veyet.

184 1403 238 1441 Et
269 1416 348 1455 quo
387 1401 614 1441 efficaciam
652 1401 833 1441 musicae
869 1408 952 1441 tam
989 1403 1031 1441 in
1060 1403 1266 1441 hominum
1297 1403 1452 1442 animos
1482 1414 1601 1453 quam
1633 1402 1673 1440 in

185 1473 325 1512 brutas
351 1473 547 1520 illustret,
578 1473 734 1520 nescis,
766 1473 841 1521 ait,

297 1564 385 1602 XII
407 1562 463 1614 (2)
523 1574 640 1612 saepe
675 1566 789 1601 totius
821 1565 966 1602 theatri
1001 1566 1101 1603 tibiis
1132 1566 1269 1602 crebro
1294 1566 1482 1613 flectendo
1508 1577 1673 1603 eommu-

411 1640 496 1672 tare
525 1639 686 1679 mentes,
714 1635 816 1683 friyi
841 1636 988 1672 animos
1012 1641 1171 1673 eorum?

187 1730 227 1763 et
257 1724 397 1763 adiicit
423 1724 526 1763 illis:

295 1814 407 1853 XIII
429 1813 485 1866 (7)
546 1800 632 1853 Non
668 1817 794 1853 vidisti
829 1817 1079 1853 simulacrum
1112 1795 1232 1854 leonis
1268 1818 1321 1854 ad
1353 1817 1463 1854 Idam
1501 1829 1544 1855 eo
1580 1819 1672 1863 loeo,

409 1888 475 1924 ubi
505 1888 717 1935 quondam,
762 1889 885 1926 subito
921 1898 1006 1925 eum
1042 1899 1127 1925 eum
1166 1889 1346 1926 vidissent
1384 1891 1672 1937 quadrupedem

412 1958 531 2004 Galli,
569 1959 762 2007 tympanis
791 1959 886 1996 adeo
924 1958 1105 2007 fecerunt
1133 1971 1350 2006 mansuem,
1389 1967 1431 1999 ut
1456 1967 1673 2000 tractarent

407 2030 610 2068 manibus?

183 2118 251 2158 Sic
281 2117 486 2168 ordinavi,
526 2120 617 2173 ipsa
646 2118 846 2158 suadente
876 2119 1102 2167 sententia,
1140 2120 1244 2159 haec
1272 2120 1520 2172 fragmenta:
1574 2136 1671 2175 quo·

183 2203 270 2228 rum
299 2191 472 2242 primum
499 2191 632 2230 visum
661 2196 725 2229 est
752 2189 850 2228 mihi
877 2189 1132 2229 nobilitatam
1163 2204 1188 2228 a
1215 2191 1490 2242 Pythagoreis
1524 2194 1670 2246 sphae-

182 2274 316 2299 rarum
341 2261 593 2300 harmoniam
619 2260 787 2299 referre.
846 2261 902 2298 Et
929 2260 1097 2299 elatiore
1127 2261 1302 2312 quodam
1330 2261 1494 2302 dicendi
1519 2277 1671 2315 genere

181 2331 222 2368 in
254 2331 332 2369 hac
367 2331 540 2369 materia
572 2343 690 2368 usum
728 2342 818 2368 esse
857 2330 1082 2370 Varronem
1119 2332 1220 2384 ipsi,
1267 2334 1336 2386 qui
1371 2332 1525 2372 residui
1563 2341 1670 2383 sunt,

181 2401 375 2440 versiculi
401 2400 599 2453 produnt,
631 2400 700 2452 qui
729 2405 775 2438 ut
795 2400 1001 2440 sufficiunt
1022 2402 1110 2441 fere
1136 2402 1190 2441 ad
1213 2403 1512 2443 informandum
1537 2407 1670 2444 animo

183 2471 411 2509 sententiae
434 2471 629 2518 colorem,
659 2471 717 2509 ita
739 2471 862 2511 valde
887 2471 1134 2512 desiderium
1154 2472 1455 2526 deperditorum
1477 2478 1669 2516 excitant.

183 2541 294 2591 Ergo
325 2540 515 2580 mobilem
543 2541 710 2581 deorum
733 2542 885 2596 lyram,
925 2555 1031 2596 quae
1061 2557 1086 2583 a
1114 2545 1202 2584 sole
1232 2546 1500 2597 gubernetur,
1544 2547 1668 2586 auda-

184 2610 276 2649 cula
301 2610 539 2664 metaphora
565 2612 696 2652 Varro
728 2625 940 2665 corporum
967 2613 1204 2654 caelestium
1239 2616 1375 2656 orbem
1404 2618 1522 2667 dicit,
1562 2633 1668 2671 quae

180 2681 390 2733 perpetuis
427 2681 601 2721 motibus
637 2682 887 2722 harmoniam
927 2684 1118 2724 efficiant.
1187 2686 1244 2726 Ut
1279 2700 1402 2738 aegre
1438 2702 1546 2727 nunc
1585 2691 1668 2728 cui-

183 2765 304 2804 quam
330 2750 498 2791 Oehleri
524 2753 742 2804 explicatio
766 2754 980 2806 probetur,
1015 2757 1083 2808 qui
1107 2755 1284 2796 ‘mobilis
1307 2758 1431 2811 lyra',
1471 2759 1547 2807 ait,
1583 2758 1669 2797 ‘aut

184 2822 354 2872 dicitur,
393 2823 490 2876 quia
526 2823 638 2862 facili
675 2829 850 2864 tractatu
880 2831 962 2874 est,
999 2831 1068 2864 aut
1105 2828 1202 2880 quia
1238 2827 1291 2866 ad
1329 2828 1487 2867 flebiles
1524 2829 1666 2868 modos

182 2895 333 2946 pariter
378 2896 522 2947 quam'
547 2891 600 2930 ad
644 2893 812 2934 hilares·
839 2902 880 2934 et
918 2897 1115 2936 iucundos
1159 2904 1303 2949 parata
1351 2905 1391 2937 et
1435 2905 1530 2950 apta
1574 2901 1666 2938 est.’
