1898 3236
766 258 1111 291 comEcTAnnA.
1287 306 1289 308 Ι
1610 250 1682 290 121

194 365 459 405 conformatio
503 379 554 404 ex
591 366 650 405 eis
681 365 887 417 colligitur
915 378 1022 418 quae
1051 379 1091 418 p.
1126 371 1194 407 116
1220 365 1371 404 monui.
1429 364 1569 416 Quare
1600 378 1690 403 cum

194 437 322 489 ipsam
342 437 611 478 'sententiam
631 442 831 475 curtatam
860 450 950 476 esse
977 436 1161 486 arbitror,
1192 437 1314 476 etiam
1339 436 1528 485 numeris,
1556 436 1589 473 si
1619 435 1691 488 qui

195 508 366 556 inerant,
386 522 470 547 non
491 514 574 549 tam
590 479 864 548 disturbatum
883 508 1096 548 verborum
1118 507 1300 548 ordinem
1323 521 1443 561 quam
1462 507 1689 546 mutilatam

193 585 235 618 et
265 579 502 618 lacunosam
532 579 754 618 orationem
785 579 930 619 obesse
962 580 1062 619 mihi
1090 578 1333 633 persuadeo.
1383 580 1433 618 In
1460 579 1510 618 fr.
1539 585 1563 620 8
1593 576 1690 630 quid

193 649 430 701 displiceat,
472 663 594 702 supra
621 649 720 689 dixi.
774 651 865 691 Nec
894 658 1030 691 tamen
1059 652 1201 703 negari
1238 655 1394 702 potest,
1433 655 1565 689 certos
1598 649 1688 687 illo-

191 735 278 761 rum
307 721 521 764 verborum
543 735 731 761 numeros
754 722 807 761 ad
826 736 948 770 aures
970 722 1138 772 cadere,
1170 723 1286 762 velut
1305 722 1409 761 alter
1435 734 1572 759 eorum
1597 733 1689 759 ver·

190 805 307 829 suum
338 804 413 830 sua
441 797 606 844 sponte,
643 794 731 833 sive
761 797 939 835 molivisse
966 795 1055 834 sive
1085 793 1193 848 quod
1224 793 1360 833 malim
1390 795 1602 830 moenivisse
1624 804 1688 829 re-

190 863 389 915 posueriS,
421 865 603 916 emergit.
643 866 734 905 Nec
762 867 805 904 in
833 867 954 905 tertio
976 879 1056 905 non
1076 866 1301 914 tolerabilis
1330 870 1392 904 est
1411 864 1483 902 illa
1505 871 1689 915 transpo-

192 935 284 974 sitio
310 934 546 974 traditorum
568 938 662 975 bona
685 941 853 986 corporis
880 923 1057 977 secutam.
1087 938 1252 977 Haereo
1283 935 1478 990 imprimis
1504 935 1547 974 in
1574 934 1691 972 initio
1745 962 1749 965 κ

191 1007 427 1058 fragmenti,
465 1021 489 1046 a
519 1021 598 1061 quo
621 999 755 1047 ’nolim
784 1011 934 1048 Zenona
964 1009 1131 1047 formam
1163 1008 1411 1059 abstergeri,
1442 1011 1487 1045 ut
1514 1006 1689 1044 fortasse

191 1078 409 1118 trochaicis
439 1080 683 1131 septenariis
711 1076 978 1132 praemissum
1012 1080 1136 1119 fuerit
1174 1079 1284 1118 aliud
1323 1092 1453 1131 genus
1483 1091 1689 1125 versuum,

194 1163 246 1188 ex
275 1163 355 1203 quo
383 1155 541 1189 restant
567 1150 696 1190 haec:

872 1231 1059 1280 unquue
1086 1234 1181 1269 viam
1211 1231 1377 1269 Zeno'na.

191 1319 321 1360 Multo
347 1320 513 1359 minoris
538 1320 635 1359 fidei
666 1326 728 1360 est
756 1321 855 1360 mihi
885 1321 1050 1375 quidem
1077 1322 1197 1371 ratio,
1233 1335 1314 1375 qua
1340 1320 1449 1360 idem
1475 1321 1691 1373 Roeperus

192 1391 240 1429 fr.
274 1398 312 1440 1,
343 1390 394 1429 de
422 1405 501 1444 quo
522 1391 720 1442 diximus,
753 1396 846 1429 Περι
873 1391 1058 1430 Amaci-jum
1090 1393 1262 1434 senariis
1293 1391 1526 1444 descripsit:

395 1484 518 1521 Porro
549 1483 635 1520 inde
659 1485 705 1521 ab
735 1497 808 1523 uno
836 1486 974 1534 quo'que
998 1485 1154 1533 compito
1175 1488 1256 1522 viae

400 1556 545 1592 Ternae
571 1552 848 1606 [e'x]oriuniur,
876 1556 900 1595 e'
921 1557 1054 1605 quibu’
1080 1557 1248 1604 sinyulae
1277 1555 1416 1592 e'oeitum
1444 1566 1490 1591 ac

399 1615 509 1663 Telo's‘
533 1627 668 1663 habent
688 1620 902 1674 proprium.
942 1641 966 1665 a
987 1627 1116 1676 primo
1146 1628 1301 1675 compito'
1329 1628 1424 1664 viam

393 1697 520 1735 Mum't
549 1699 738 1750 Epicmgus
764 1699 980 1737 cle'aetimam.
1065 1687 1070 1690 ⁵

193 1786 377 1837 Quorum
413 1800 623 1835 versuum,
661 1788 704 1826 in
743 1789 890 1841 quibus
926 1789 1026 1841 ipsis
1060 1793 1152 1827 sunt
1188 1800 1296 1840 quae
1334 1786 1582 1838 displiceant
1620 1784 1690 1836 (de

194 1871 239 1896 ac
280 1859 322 1897 in
361 1858 441 1897 fine
477 1872 622 1898 versus
654 1859 704 1897 cf.
731 1873 772 1912 p.
803 1866 850 1900 24
877 1859 980 1913 sq.)·‚
1025 1852 1162 1900 nullus
1194 1861 1282 1899 sine
1312 1859 1451 1911 aliquo
1483 1857 1689 1896 molimine.

193 1928 362 1981 prodiit,
413 1944 502 1968 cum
544 1935 701 1978 tamen,
750 1932 936 1984 exceptis
983 1932 1201 1970 levissimis
1246 1929 1488 1983 quibusdam
1537 1929 1688 1968 discre-

194 2001 366 2052 pantiis,
410 2003 466 2057 inp
487 2002 656 2053 vulgata
698 2003 913 2050 memoria,
948 2003 1124 2040 maxime
1164 2002 1205 2039 in
1242 2000 1535 2039 vocabulorum
1566 2000 1689 2038 collo-

194 2073 367 2121 catione,
398 2072 566 2112 duorum
595 2074 946 2125 grammaticorum
975 2074 1099 2112 Nonii
1134 2071 1190 2124 (p.
1223 2078 1288 2118 94,
1324 2070 1386 2120 27)
1418 2076 1459 2109 et
1488 2072 1689 2110 Prisciani

194 2141 281 2193 (lib.
311 2143 379 2182 ΙΠ
409 2159 448 2196 p.
479 2150 526 2186 98
554 2143 716 2195 Hertz.)
752 2145 985 2182 testimonia
1014 2144 1280 2181 consentiant.
1344 2141 1468 2180 Cuius
1498 2143 1561 2180 vis
1594 2130 1688 2180 conss

194 2226 336 2251 sensus
380 2227 459 2252 non
507 2227 671 2265 prorsus
710 2227 758 2252 eo
797 2215 1003 2261 elevatur,
1054 2213 1163 2265 quod
1199 2203 1435 2252 Priscianus
1467 2212 1689 2263 sumpsisse

195 2283 425 2334 exemplum
463 2297 486 2321 e
522 2285 657 2322 Nonio
692 2285 840 2335 possit,
864 2284 989 2322 'cuius
1018 2283 1165 2321 horrea
1190 2282 1390 2336 quomodo
1417 2282 1587 2321 subinde
1619 2297 1687 2321 ex-

193 2353 330 2404 pilarit
358 2353 447 2400 ille,
487 2368 616 2406 nuper
637 2353 887 2393 memorabili
919 2354 1104 2406 exemplo
1132 2355 1190 2392 M.
1221 2354 1381 2392 Hertzii
1407 2353 1611 2391 subtilitas
1642 2353 1688 2391 il-

193 2423 383 2461 lustravit
412 2423 616 2475 Philologi
646 2426 711 2464 XI
740 2439 781 2477 p.
813 2431 882 2466 593
906 2438 995 2480 sqq.
1050 2425 1114 2464 'Ut
1143 2438 1195 2463 ne
1220 2423 1541 2477 illud'quidem‚
1579 2423 1689 2476 quod

195 2493 430 2532 Priscianus
460 2496 614 2546 pariter
644 2510 692 2536 ac
716 2496 875 2534 Nonius
905 2495 1175 2546 fragmentum
1199 2508 1220 2534 e
1248 2495 1439 2534 Varrone
1462 2492 1553 2546 περὶ
1582 2492 1687 2542 αἶρέ-

195 2574 295 2602 σεων
321 2565 474 2613 citavit,
509 2579 583 2617 per
614 2579 658 2604 se
687 2567 855 2604 multum
886 2565 946 2606 illi
973 2557 1180 2604 titulorum
1212 2566 1547 2617 conglutinationi
1569 2566 1687 2604 obsit.

195 2635 305 2684 Ergo
345 2648 434 2686 cum
472 2635 601 2675 nolint
638 2636 767 2676 verba
800 2636 904 2674 ultro
950 2649 1139 2675 numeros
1177 2624 1381 2688 recipere,
1426 2650 1479 2675 ne
1518 2637 1714 2674 invitum·

189 2706 421 2743 Varronem
455 2706 640 2745 versibus
675 2707 868 2747 incedere
898 2721 1112 2758 cogamus,
1143 2715 1333 2746 maneant
1360 2706 1582 2759 pedestria.
1632 2705 1687 2743 Il-

194 2775 263 2814 lud
304 2775 431 2822 addo,
471 2777 512 2814 in
547 2776 609 2814 his
649 2790 755 2828 quae
793 2783 884 2816 sunt
915 2769 1061 2816 exitum
1095 2791 1140 2816 ac
1169 2775 1278 2824 τέλος
1306 2791 1387 2816 non
1418 2790 1509 2815 esse
1531 2776 1687 2828 simpli-

196 2847 297 2885 citer
328 2861 418 2886 cum
446 2847 624 2886 Oehlero
655 2848 921 2899 tautologiam
952 2849 1274 2899 agnoscendam:
1301 2849 1486 2887 nimirum
1518 2860 1609 2885 cum
1637 2847 1688 2886 de

193 2917 273 2956 fine
311 2918 399 2957 sive
437 2933 589 2957 summo
622 2918 729 2957 bono
744 2925 855 2970 ,agat
882 2920 1034 2967 Varro,
1073 2920 1177 2959 ludit
1204 2919 1467 2971 ambiguitate
1491 2920 1604 2957 vocis
1630 2916 1687 2957 τὲ-
