1898 3236
728 229 1070 262 CONIECTANEA.
1137 272 1141 273 ⁷
1247 273 1249 275 ι
1568 224 1647 264 177

155 337 431 389 opinationem
468 350 558 375 cum
591 350 671 376 non
706 336 857 389 possim
894 335 1141 387 argumentis
1175 335 1390 386 refellere,
1431 341 1567 375 tamen
1597 351 1648 376 ne

156 420 287 445 meam
326 406 490 459 quidem
531 405 582 446 de
620 420 668 445 eo
700 406 924 457 fragmento
956 405 1247 457 coniecturam,
1287 421 1407 460 quam
1431 405 1554 462 supra
1584 423 1645 448 se-

157 483 272 515 cutus
308 490 414 527 sum,
453 477 605 517 nullam
644 477 794 516 habere
832 475 1161 528 probabilitatem
1199 479 1399 518 existimo.
1460 478 1649 519 Ceterum

155 561 341 587 numeros
377 547 544 587 distinxi
582 561 655 600 pro
689 559 805 595 posse
850 545 959 599 quod
997 552 1057 585 est
1095 548 1135 586 in
1170 548 1284 589 libris
1332 550 1513 602 reposito
1543 555 1647 599 pote,

156 618 265 671 quod
303 619 424 658 etiam
461 618 616 661 infinite
655 618 839 670 usurpari
870 616 1121 656 Ritschelius
1150 617 1254 658 dixit
1283 620 1324 658 in
1350 620 1650 673 prolegomenis

155 689 207 727 ad
238 690 514 729 Trinummum
546 702 586 741 p.
611 700 694 727 cxl.
754 688 894 728 Possis
920 689 1041 727 etiam
1074 687 1124 726 de
1148 692 1293 737 petisse
1321 690 1395 740 (cf.
1421 692 1649 730 Lachman-

158 773 232 799 nus
263 761 303 799 in
331 761 453 799 Lucr.
481 775 520 813 p.
545 759 632 812 316)
662 765 702 798 et
723 760 930 798 octonario
955 759 1157 810 cogitare:
1189 766 1332 799 neutro
1354 761 1472 800 modo
1493 748 1648 801 numeri

155 830 233 882 ipsi
279 831 421 882 opinor
473 830 704 870 addubitari
742 834 943 882 poterunt.
1013 830 1202 878 Deripere
1247 834 1434 881 incipiunt
1476 839 1649 885 apparet

154 913 284 954 aeque
322 900 427 940 bene
468 900 661 955 dactylici
700 913 843 939 versus
882 891 1039 938 initium
1077 914 1197 953 quam
1239 895 1437 942 tr'ochaici
1468 903 1647 952 efficere,

131 968 214 1016 ut,
245 984 334 1009 cum
363 970 428 1009 vel
460 970 536 1009 hoc
564 970 771 1010 trochaico
805 969 1042 1009 continuare
1064 970 1342 1011 hexametrum
1363 987 1445 1012 non
1468 974 1646 1013 alienum

154 1039 340 1079 videatur
377 1040 427 1079 ab
466 1041 639 1080 artificio
672 1040 888 1090 Varronis,
928 1041 1078 1080 certius
1115 1056 1138 1081 e
1168 1055 1249 1095 quo
1274 1057 1427 1095 genere
1449 1059 1647 1096 ‘versuum

154 1111 226 1150 illa
257 1112 416 1163 sumpta
454 1112 535 1150 sint
569 1111 649 1150 dici
689 1126 770 1151 non
806 1111 947 1163 possit.
1014 1111 1082 1151 Fr.
1117 1113 1196 1152 VII
1232 1113 1301 1153 vel
1331 1115 1418 1155 sine
1446 1115 1533 1154 ulla
1562 1129 1648 1154 mu-

153 1182 309 1220 tatione
340 1182 513 1235 pracbet
549 1195 662 1231 eum,
692 1196 812 1235 quem
842 1181 1084 1233 significavi,
1114 1185 1389 1236 septenarium
1410 1185 1644 1227 iambicum.

153 1253 304 1292 Refero
333 1258 490 1301 autem,
522 1251 630 1306 quod
665 1267 787 1305 supra
819 1251 1017 1302 indicavi,
1048 1254 1174 1294 verba
1203 1253 1255 1293 ad
1285 1255 1428 1307 gallos,
1461 1257 1530 1309 qui
1556 1257 1646 1296 istis

153 1324 288 1363 verbis
321 1325 505 1378 insanum
536 1338 588 1363 ex
614 1322 718 1363 aede
743 1337 817 1363 sua
845 1324 1049 1377 repellere
1079 1325 1311 1366 videantur.
1372 1328 1533 1365 Domum
1559 1339 1646 1365 nos-

155 1401 254 1434 tram
296 1396 403 1434 enim
441 1395 583 1435 dicunt
621 1393 765 1433 aedem
796 1393 1018 1451 Cybelest·
1041 1396 1379 1449 quemadmodum
1408 1412 1487 1437 non
1518 1398 1648 1438 semel

155 1466 362 1506 Catullus:
394 1473 441 1507 20
466 1469 669 1516 sequimini
691 1467 902 1516 Phrygiam
934 1470 987 1506 ad
1013 1470 1163 1507 domum
1193 1470 1367 1519 Cybebes,
1393 1471 1566 1519 Phrygia
1596 1471 1649 1507 ad

154 1550 310 1576 nemora
341 1541 446 1576 deae.
499 1545 543 1580 35
578 1543 620 1576 ul
654 1541 803 1576 domum
839 1540 1002 1588 Cybebes
1024 1531 1187 1590 ¹tetz'qere
1214 1541 1393 1577 lassatae.
1450 1538 1514 1578 Os.
1544 1540 1644 1579 Ver-

155 1608 242 1659 gilii
281 1608 490 1648 Aeneidos
523 1609 582 1647 VI
611 1615 670 1650 81.
736 1611 776 1647 in
814 1611 1022 1648 dierectum
1061 1624 1142 1649 non
1182 1610 1300 1650 aliter
1337 1609 1483 1648 dicitur
1519 1615 1643 1662 atque

156 1680 316 1718 comicis
348 1680 648 1732 frequentatum
678 1683 717 1718 in
748 1683 887 1718 malam
908 1694 1061 1720 crucem
1092 1687 1134 1721 et
1162 1681 1324 1721 similia.
1362 1680 1645 1733 Veriloquium

153 1751 265 1789 vocis
301 1751 409 1803 quod
442 1758 502 1791 est
541 1750 648 1804 apud
681 1751 857 1790 Nonium
883 1763 926 1804 p.
953 1759 1018 1803 49,
1049 1759 1094 1795 26
1122 1752 1311 1792 ‘dierecti’
1341 1754 1434 1790 dicti
1462 1754 1647 1801 crucifixi

153 1823 266 1870 quusi
294 1824 346 1859 ad
372 1825 467 1860 diem
495 1825 614 1861 erecti
631 1829 718 1862 'non
751 1823 886 1862 verius
908 1822 1070 1862 videtur
1099 1838 1222 1877 quam
1242 1822 1349 1877 quod
1373 1822 1516 1862 scribit
1536 1818 1645 1862 Pau-¹

152 1894 214 1933 lus
244 1893 447 1933 breviator
479 1894 594 1933 Festi
623 1907 663 1946 p.
693 1900 739 1937 69
766 1895 822 1934 M.
858 1894 1115 1934 ‘dierectum'
1145 1897 1319 1934 dicebant
1340 1907 1417 1944 per
1441 1897 1642 1944 antiphra-

150 1967 230 2011 sin,
260 1968 425 2003 volentes
451 1967 672 2014 siynificare
705 1969 845 2005 malum
876 1969 985 2004 diem.
1031 1966 1095 2005 Of.
1124 1966 1288 2005 Miilleri
1322 1965 1543 2005 adnotatio.
1586 1966 1643 2005 At

148 2042 304 2083 tamen,
345 2043 389 2074 ut
426 2049 566 2075 verum
606 2036 759 2085 fatear,
782 2050 886 2085 ,cum
920 2050 1063 2076 versus
1096 2035 1241 2089 quibus
1270 2035 1387 2075 Attin
1417 2050 1534 2076 suum
1564 2036 1640 2075 Ca-

149 2107 274 2145 tullus
307 2106 528 2155 concludit,

352 2180 447 2223 Dea,
479 2191 619 2227 mayna
649 2180 734 2224 dea,
767 2179 921 2228 Cybebe,
953 2180 1024 2216 dea
1054 2181 1206 2216 domina
1234 2180 1425 2228 Dindymi,

350 2251 495 2286 Procul
523 2262 546 2286 α
575 2260 658 2286 mea
689 2237 778 2286 tuus
806 2251 856 2286 sit
879 2250 998 2298 furor
1027 2253 1159 2297 omnis,
1191 2262 1273 2296 era,
1303 2252 1411 2288 domo

150 2332 237 2356 cum
279 2318 350 2357 hos
387 2332 530 2358 versus
569 2318 802 2369 considero,
838 2320 925 2359 ficri
955 2334 1074 2373 posse
1107 2320 1306 2370 concedo,
1342 2326 1388 2360 ut
1415 2321 1539 2360 etiam
1569 2322 1639 2361 illa

153 2388 347 2427 Varronis
378 2388 504 2427 verba
535 2389 574 2428 in
603 2390 776 2429 similem
806 2389 1050 2431 Catullianis
1087 2405 1247 2431 sensum
1274 2391 1384 2431 dicta
1408 2392 1558 2432 fuerint
1588 2394 1638 2431 ab

148 2459 300 2511 aliquO,
333 2461 401 2514 qui
435 2461 545 2500 furor
574 2461 651 2501 iste
679 2461 878 2513 gallorum
906 2468 1096 2514 precatur
1119 2468 1163 2501 ut
1194 2476 1353 2515 semper
1379 2476 1403 2501 a
1425 2477 1500 2502 sua
1523 2463 1638 2502 domo

147 2529 290 2580 procul
318 2530 440 2570 absit.
527 2578 530 2581 ⁴

261 2601 329 2640 Ad
369 2602 519 2642 cultum
557 2602 661 2643 deae
694 2603 902 2658 Phrygum
938 2616 986 2642 ac
1023 2602 1281 2643 furibundam
1315 2603 1514 2655 gallorum
1543 2617 1636 2655 spe-

149 2673 251 2711 ciem
278 2672 356 2711 duo
386 2678 600 2725 praeterea
631 2674 861 2725 fragmenta
879 2672 1097 2713 referenda
1118 2679 1225 2722 sunt,
1257 2687 1362 2725 quae
1384 2679 1521 2713 tamen
1544 2688 1635 2713 con-

147 2744 252 2783 sulto
292 2744 343 2783 ab
383 2745 465 2784 illis
506 2746 676 2784 secrevi.
744 2744 903 2797 Nempe
940 2745 1102 2784 videtur
1140 2735 1210 2782 ille
1245 2743 1296 2781 ab
1322 2743 1425 2782 aede
1459 2742 1637 2796 Cybeles

146 2828 334 2856 reversus
367 2814 418 2855 de
447 2815 647 2867 gallorum
676 2828 796 2868 quem
828 2815 946 2854 modo
978 2816 1185 2867 aspexerit
1212 2814 1350 2853 habitu
1384 2827 1472 2852 cum
1497 2815 1637 2853 nescio

145 2898 224 2937 quo
255 2900 478 2924 sermonem
510 2887 706 2925 seruisse:

214 2953 390 2993 Virunum,
418 2953 526 2985 Com.
546 2964 583 2986 IN
601 2954 720 2985 VARR.
741 2963 820 2985 SAT.
870 2951 880 2958 ’
1317 2951 1366 2997 12
