1898 3236
310 245 388 284 174
718 269 722 271 *
881 251 1220 284 communali.

268 392 272 393 ⁷
305 360 365 398 vit
397 370 590 398 errorem:
631 371 720 396 cum
754 357 870 396 enim-
891 356 1016 396 Nonii
1047 357 1167 410 culpa
1189 361 1395 407 perc-repis
1423 371 1495 410 pro
1524 358 1650 398 verbo
1678 360 1784 398 acci·
1834 360 1837 362 “

305 435 487 482 peretur,
526 441 578 467 ne
616 427 693 466 duo
732 428 773 466 in
803 441 882 467 uno
913 428 1120 467 enuntiato
1151 428 1277 467 verba
1307 428 1576 479 haberentur,
1614 428 1783 468 alterum

287 504 435 539 ‚volitat
461 504 751 538 commutatum
775 511 863 537 cum
891 499 1119 551 participio.
1163 499 1355 552 Denique
1380 500 1462 538 vim
1490 512 1604 538 suam
1630 504 1670 538 et
1692 512 1783 550 gra—

307 572 404 609 tiam
443 582 531 608 meo
571 569 733 622 quidem
771 582 893 608 sensu
929 569 1053 609 habet
1088 570 1160 609 illa
1198 584 1280 609 non
1316 569 1554 609 immodicae
1586 568 1785 609 audaciae

305 641 518 680 verborum
551 640 763 679 collocatio
799 646 960 688 propter
991 644 1194 690 percrepis
1228 643 1380 679 vocibus
1409 643 1537 679 volitat
1567 652 1683 678 aures
1710 653 1784 692 pro

302 714 504 761 per-crepis
541 711 691 749 vocibus
722 714 1016 758 proptervolitat
1053 722 1179 749 aures.
1228 711 1285 750 At
1312 724 1410 750 vero
1439 717 1479 750 et
1505 710 1663 749 Nonius
1691 723 1785 762 pur-

306 790 424 835 gatur
461 781 723 831 neglegentia
759 787 801 820 et
836 794 888 820 ne
927 781 1012 820 leni
1049 781 1214 834 quidem
1243 781 1315 820 illa
1343 768 1566 820 mutatione
1597 793 1697 832 opus
1727 785 1788 819 est

304 856 361 893 ita
391 852 613 892 distributis
638 851 794 891 verbis:
1683 851 1686 853 ’

1105 936 1270 979 propter
1291 931 1498 979 pe'rcrepis

515 1002 677 1040 Vo'cibu’
709 1002 869 1039 volitans
898 1001 1028 1038 mir-eis
1057 1004 1167 1051 vulyi.

307 1092 462 1132 Audio:
502 1104 578 1130 nec
609 1091 666 1129 ita
694 1090 842 1130 haereo
873 1091 915 1129 in
947 1090 1154 1143 dactylica
1181 1105 1282 1130 voce
1311 1090 1491 1130 trochaei
1521 1090 1610 1129 loco
1639 1090 1783 1142 posita,

306 1163 356 1202 de
392 1175 472 1215 qua
503 1161 588 1200 dixi
620 1174 657 1212 p.
689 1167 746 1203 67.
806 1159 888 1201 Sed
918 1159 1108 1212 displicet
1138 1162 1357 1210 sententia,
1383 1161 1558 1200 maxime
1578 1161 1645 1198 -sic
1675 1159 1783 1198 nude

303 1234 476 1286 positum
504 1233 654 1270 vocibus
683 1231 937 1270 vocabulum.
990 1231 1128 1282 Quare
1157 1245 1232 1284 ego
1264 1231 1356 1283 dum
1386 1230 1485 1284 quid
1511 1231 1655 1270 melius
1686 1230 1782 1269 edo-

305 1318 399 1343 cear
437 1302 546 1355 (nam
579 1302 759 1353 Roeperi
793 1301 955 1354 quidem
991 1303 1161 1342 inventa
1193 1317 1274 1342 non
1311 1307 1404 1342 sunt
1443 1300 1628 1352 meliora)
1667 1301 1784 1340 Sota-

306 1359 426 1414 deum
454 1371 708 1411 Lachmanni
737 1371 940 1411 obtinebo.

418 1442 502 1484 Sed
532 1456 622 1481 cum
646 1456 780 1482 rursus
810 1442 862 1481 ad
893 1442 1090 1483 Sotadeos
1121 1442 1335 1483 deflexerit
1365 1442 1504 1491 oratio,
1535 1440 1676 1480 licebit
1699 1454 1781 1480 mo-

306 1515 422 1554 deste
462 1525 678 1565 quaerere,
719 1512 913 1552 eludarne
945 1513 1086 1553 fallaci
1117 1516 1274 1567 specie,
1318 1527 1407 1553 cum
1450 1516 1704 1549 AnnanArAnuM
1734 1511 1783 1550 fr.

306 1593 349 1626 10
379 1584 478 1623 duos
509 1581 705 1622 Sotadeos
731 1584 928 1623 contineri
960 1585 1160 1637 suspicor:

504 1667 558 1721 7⁷².
585 1674 742 1711 rellicud
767 1686 929 1722 corpore
960 1677 1006 1713 ab
1036 1677 1107 1714 ho'c
1132 1676 1241 1724 fonte
1268 1675 1450 1724 difft'csast

502 1738 668 1782 'Animcu
698 1745 787 1782 hinc
814 1747 964 1803 animas
994 1748 1046 1784 ad
1071 1746 1365 1796 intelleye'ntiam
1395 1746 1570 1783 tribdtus.

303 1839 350 1878 In
383 1835 527 1890 quibus
559 1832 668 1886 quod
705 1835 756 1871 ad
783 1836 1072 1884 intelleyendum
1103 1836 1242 1875 scribit
1273 1836 1471 1876 Oehlerus
1503 1840 1543 1874 et
1571 1834 1628 1873 ita
1654 1833 1781 1885 expli-

304 1914 389 1948 cat:
427 1904 684 1955 ‘intelligere
719 1904 886 1943 verbum
922 1905 1107 1946 absolute
1136 1907 1328 1958 positum,
1362 1912 1408 1945 ut
1437 1905 1546 1958 apud
1574 1904 1663 1944 Oic..
1685 1909 1784 1944 orat.

304 1992 335 2018 c.
358 1985 402 2019 10
428 1982 469 2017 et
495 1976 566 2024 17⁹,
602 1989 714 2015 suam
745 1976 1046 2028 neglegentiam
1077 1976 1310 2027 illustravit,
1335 1990 1416 2015 non
1445 1977 1681 2024 Varronem,
1712 1975 1782 2028 qui

301 2062 354 2087 ne
383 2060 479 2086 usus
503 2045 666 2098 quidem
694 2047 820 2086 verbo
854 2053 926 2095 est,
958 2046 1031 2086 sed
1060 2048 1222 2086 nomine
1250 2046 1357 2100 quod
1381 2047 1527 2099 scripsi
1550 2045 1652 2098 (vid.
1676 2046 1779 2084 Non.

301 2133 341 2172 p.
369 2124 458 2166 426,
488 2116 563 2169 30)
622 2116 672 2155 In
712 2116 900 2156 Sotadeis
938 2123 1071 2157 autem
1106 2118 1188 2157 illis
1225 2131 1314 2157 cum
1353 2122 1491 2157 cetera
1529 2118 1618 2157 sine
1656 2118 1780 2156 offen-

302 2191 417 2229 sione
445 2189 572 2227 fluant
602 2187 732 2240 (certe
760 2202 840 2230 nec
859 2188 963 2228 haec
991 2189 1120 2228 forma
1152 2217 1177 2222 -
1206 2213 1230 2218 -
1255 2212 1279 2223 υ
1303 2216 1349 2240 -,
1387 2201 1493 2242 quae
1523 2193 1585 2227 est
1612 2188 1656 2226 in
1675 2185 1782 2239 pede

300 2260 419 2298 tertio
454 2260 619 2312 prioriS,
656 2273 735 2299 nee
771 2281 988 2296 υυυυυ
1021 2260 1064 2298 in
1098 2260 1215 2298 initio
1251 2259 1416 2299 alterius
1449 2272 1592 2298 versus
1620 2262 1681 2297 est
1710 2270 1781 2296 cur

301 2329 599 2382 addubitetur),
652 2330 802 2370 haereo
843 2330 1029 2369 nonnihil
1069 2330 1111 2369 in
1151 2330 1227 2370 hoc
1257 2331 1385 2383 pede:
1437 2332 1521 2368 mzis
1556 2331 1608 2368 ad
1641 2331 1779 2367 intelle.

299 2399 391 2438 Hac
419 2399 548 2438 forma
578 2403 610 2433 -'
640 2427 665 2433 -
698 2427 728 2434 -
759 2425 782 2436 υ
809 2414 926 2441 usum
956 2414 1046 2440 esse
1066 2400 1291 2440 Varronem
1318 2406 1429 2439 certa
1459 2399 1647 2451 exempla
1667 2399 1780 2438 evin-

302 2475 416 2509 eunt:
455 2476 577 2522 atque
615 2483 705 2508 cum
739 2475 821 2508 tam
856 2470 962 2510 hane
992 2498 1017 2504 -
1042 2494 1066 2506 υ
1088 2499 1119 2504 -
1143 2498 1189 2523 -‚
1233 2483 1354 2522 quam
1382 2470 1516 2509 soluta
1543 2470 1623 2508 arsi
1651 2469 1781 2520 prima

299 2564 517 2576 υυυυυ
551 2541 750 2592 probarit,
794 2540 1015 2580 videndum
1045 2547 1127 2589 est,
1157 2554 1252 2580 num
1284 2541 1404 2580 etiam
1432 2540 1474 2578 in
1500 2540 1573 2578 illa
1597 2568 1628 2572 -
1654 2567 1680 2573 -
1706 2566 1732 2573 -.
1756 2563 1781 2576 υ

297 2613 471 2665 priorem
502 2612 622 2651 arsim
651 2611 823 2650 solutam
850 2625 933 2652 non
964 2612 1162 2664 effugerit.
1226 2610 1347 2650 Certe
1378 2610 1607 2650 emendatio
1634 2609 1779 2663 proba·

299 2683 392 2722 bilis
419 2683 517 2722 mihi
547 2696 629 2722 non
659 2682 853 2735 suppetit,
885 2689 930 2722 ut
953 2689 1023 2722 aut
1034 2696 1144 2722 casu
1172 2681 1246 2720 illa
1272 2681 1450 2733 rhythmi
1478 2680 1780 2720 similitudinem

300 2754 503 2802 affectent,
535 2760 605 2793 aut
630 2767 683 2794 ne
708 2754 782 2792 illa
811 2753 974 2806 quidem
1004 2754 1132 2793 forma
1161 2753 1333 2793 Varroni
1357 2751 1628 2792 abiudicanda
1655 2753 1720 2792 sit.

411 2824 554 2864 Redeo
590 2825 642 2864 ad
671 2824 814 2863 furiosi
842 2825 969 2864 nostri
996 2825 1225 2864 vesaniam:
1266 2823 1316 2862 de
1348 2823 1460 2862 euius
1487 2823 1648 2862 fortuna
1669 2835 1779 2862 nunc

298 2895 435 2933 statim
465 2895 688 2935 obveniunt
713 2897 818 2946 viae,
850 2909 951 2949 quas
980 2897 1186 2948 ingressus
1217 2900 1291 2944 est,
1324 2890 1555 2934 curationis.
1604 2892 1667 2932 Ac
1697 2893 1777 2945 pri-
