1898 3236
278 253 333 293 96
824 287 826 289 .
853 260 1191 291 ΟΟΝῙΕΟΤΑΝΕΑ.

276 366 467 413 inservit,
508 366 565 404 ita
601 365 643 402 in
670 365 746 402 hac
777 370 916 402 satura
945 364 1132 404 videatur
1163 365 1286 404 alicui
1314 365 1365 404 ob
1388 367 1647 406 instituenda
1675 382 1759 407 cer-

275 437 428 475 tamina
463 437 653 489 gymnica
688 435 815 474 fieri.·
854 435 970 473 Haec
1000 435 1107 474 enim
1141 436 1362 474 certamina
1397 435 1519 475 video
1555 436 1604 475 fr.
1641 444 1664 478 8
1691 437 1761 476 de-

275 507 438 558 signari,
469 505 574 558 quod
606 506 662 544 ita
691 505 867 544 numeris
899 504 1132 544 distinctum
1159 505 1355 544 exhibeo:

1047 597 1142 633 cedit
1168 596 1346 634 velocibus

477 666 626 703 Itkvenis
652 667 821 704 membris
846 666 955 713 le'vis,
982 667 1118 703 nitidus
1146 667 1221 705 όῖεο
1253 694 1426 706 .....

273 755 443 794 Secreta
473 762 607 794 autem
635 755 687 794 ab
718 755 798 795 illis
827 755 914 805 fuit,
941 760 986 793 ut
1011 760 1131 807 puto,
1162 756 1313 795 mentio
1345 747 1615 804 venationis,‘
1639 769 1759 808 quam

277 827 324 864 fr.
356 834 370 867 l
406 827 605 864 continet:
1386 828 1391 834 '

475 906 675 954 Leptisculi
701 905 855 943 time'ntis
883 906 951 943 hoc
980 906 1278 954 quadrdnyulum
1313 892 1315 894 K

474 975 585 1013 Dedit
608 976 730 1012 Diana
753 976 832 1013 re'te
854 979 994 1022 nexile,
1024 969 1187 1027 ἄρκυας,

482 1032 627 1083 Vz'sctim
654 1047 822 1095 fucatum
852 1048 1058 1096 lineamque
1086 1047 1309 1095 co'mpedam.
1695 1036 1714 1052 ‘

273 1135 399 1187 Cuius
445 1134 662 1186 fragmenti
715 1137 933 1193 scripturas
992 1136 1084 1191 nolo
1139 1148 1248 1176 nunc
1305 1135 1495 1187 persequi
1538 1136 1756 1175 curiosius:

272 1206 313 1244 id
341 1211 496 1245 tantum
522 1220 687 1256 moneo,
717 1209 786 1245 hoc
809 1209 1120 1256 quadrangulum,
1150 1205 1257 1258 quod
1287 1204 1695 1258 Scaliger-explicuit
1714 1208 1757 1245 in

273 1277 549 1315 coniectaneis
583 1290 624 1328 p.
663 1282 706 1318 67
745 1290 827 1328 sq„
863 1276 1053 1327 coniungi
1089 1275 1237 1314 debere
1272 1289 1361 1313 cum
1389 1277 1602 1327 proximis:
1649 1278 1758 1324 Dedit

271 1349 407 1385 Diana.
438 1347 503 1384 De
530 1347 643 1385 initio
675 1349 854 1395 lepusculi
878 1348 1038 1392 timentes
1065 1345 1172 1393 (sive
1200 1347 1337 1385 verius
1366 1351 1427 1385 est
1457 1335 1624 1398 timentis)
1654 1348 1756 1386 nihil

273 1417 423 1455 certius
448 1422 601 1465 statuo,
634 1430 711 1456 nec
737 1430 855 1469 quam
875 1415 1098 1466 probabilis
1120 1417 1172 1455 sit
1192 1417 1341 1456 Kochii
1367 1418 1545 1469 opinatio
1574 1419 1616 1457 in
1638 1431 1753 1457 exer-

273 1487 532 1526 citationibus
562 1502 601 1540 p.
631 1493 678 1529 28
706 1490 858 1525 timeatis
886 1485 1023 1524 dicere
1053 1499 1229 1538 possum.

384 1557 467 1597 Sed
490 1558 595 1596 inter
618 1559 721 1597 haec
748 1558 976 1608 fragmenta
1004 1557 1138 1605 omnia
1170 1572 1263 1615 cum⁸
1280 1559 1396 1610 quasi
1421 1558 1599 1599 diluculo
1625 1572 1755 1599 nexus

270 1626 434 1678 quidam
465 1626 721 1679 dispiciatur,
749 1628 857 1666 aliae
882 1627 1063 1667 eiusdem
1100 1614 1260 1668 naturae
1298 1629 1494 1682 reliquiae
1525 1630 1565 1668 in
1591 1642 1754 1681 prorsus

270 1697 473 1736 diversam
510 1711 582 1736 nos
619 1698 910 1746 sententiarum
951 1700 1352 1750 comprehensionem
1398 1698 1617 1738 deducunt.
1691 1699 1754 1737 De

269 1767 444 1821 rhythmi
469 1768 575 1806 enim
604 1760 652 1806 ac
670 1767 868 1807 melodiae
890 1775 1052 1817 natura,
1085 1769 1135 1808 de
1157 1769 1270 1820 poesi
1294 1770 1499 1825 variisque
1537 1768 1774 1819 generibus-

269 1842 499 1890 poematum
535 1839 696 1890 plenius
727 1838 822 1876 olim
861 1838 1107 1891 disputatum
1142 1839 1288 1886 fuisse,
1332 1839 1558 1890 fragmenta
1598 1838 1755 1890 aliquot

269 1907 470 1957 indicant,
507 1922 610 1961 quae
652 1909 791 1960 paullo
828 1909 907 1947 alio
947 1914 1068 1960 atque
1107 1908 1215 1960 apud
1250 1908 1470 1948 Oehlerum
1522 1907 1663 1946 ordine
1694 1908 1752 1946 sic

270 1979 463 2032 dispono:

383 2076 425 2111 12
468 2071 561 2107 Paci
584 2073 621 2107 in
649 2071 757 2107 huius
785 2073 991 2106 nascuntur
1013 2071 1128 2117 pueri
1153 2069 1343 2118 rhythmus
1367 2073 1401 2106 et
1428 2070 1550 2122 melos.

385 2168 426 2201 15
470 2161 607 2198 Poiima
646 2167 699 2197 est
730 2156 828 2206 λέξις
861 2150 1080 2209 {meam
1115 2161 1154 2196 id
1186 2164 1239 2196 est
1265 2159 1382 2203 verba,
1406 2160 1523 2206 plura
1552 2160 1688 2195 modice
1714 2160 1752 2195 in

467 2233 653 2280 quandam
681 2233 842 2267 coniecta
868 2230 1053 2277 formam:
1082 2214 1202 2277 itaque
1231 2233 1338 2267 etiam
1367 2227 1540 2278 δίστιχον
1564 2224 1747 2278 ἐπιγραμ-

467 2296 607 2351 μάτιον
643 2294 772 2337 vocant
801 2303 948 2348 poema.
1002 2303 1128 2348 poesis
1162 2307 1215 2337 est
1250 2306 1470 2350 perpetuum
1499 2304 1750 2346 armamentum

469 2383 519 2408 ex
553 2371 730 2418 rhythmis
763 2377 801 2407 ul
846 2371 938 2407 Ilias
978 2371 1133 2406 Homeri
1168 2377 1201 2406 et
1237 2371 1385 2407 annalis
1419 2371 1542 2406 Ennii.
1612 2370 1752 2416 poetice

468 2447 520 2477 est
550 2452 616 2477 ars
645 2441 781 2476 earum*
805 2451 944 2477 rerum.
1171 2439 1180 2447 '

383 2536 424 2570 14
472 2525 514 2566 In
545 2531 672 2577 quibus
705 2531 876 2577 partibus
910 2532 948 2565 in
977 2531 1198 2576 aryumentis
1233 2517 1409 2565 Caecilius
1435 2530 1556 2575 poscit
1580 2529 1750 2575 palmam,

467 2603 503 2636 in
537 2593 678 2648 ἤθεσιν
713 2600 745 2635 T
742 2588 919 2644 eremius,
951 2602 988 2636 in
1017 2599 1244 2636 sermonibus
1273 2599 1440 2634 Plautus.

265 2691 449 2741 Apparet
480 2690 586 2727 enim
611 2688 724 2727 illum
754 2689 892 2726 nescio
923 2701 1062 2740 quem,
1095 2687 1162 2739 qui
1194 2685 1249 2724 de*
1274 2686 1337 2724 his
1361 2679 1482 2724 rebus
1515 2684 1748 2736 disputavit,

266 2775 290 2798 a
319 2761 582 2814 rhythmoet
612 2756 714 2809 μέλει
754 2757 808 2796 ad
842 2762 987 2809 poema
1024 2764 1064 2796 et
1099 2757 1243 2809 poesin
1279 2756 1528 2807 perrexisse,
1573 2753 1746 2804 denique

265 2832 369 2869 inter
407 2831 488 2876 alia
522 2830 659 2881 poesis
698 2841 849 2880 genera
884 2828 1095 2866 scaenicae
1132 2828 1229 2865 artis
1269 2826 1438 2864 virtutes
1467 2823 1744 2862 illustravisse.

264 2899 400 2951 Atque
430 2900 532 2938 haec.
563 2898 725 2951 quidem
757 2911 861 2950 quae
891 2898 958 2936 frr.
992 2904 1034 2938 15
1061 2903 1101 2936 et
1131 2903 1174 2938 14
1197 2901 1434 2946 tanguntur,
1470 2905 1559 2931 cum
1587 2892 1628 2930 in
1658 2892 1743 2930 uni-
