1898 3236
775 230 1118 263 confflcTANEA.
1615 223 1692 262 197

206 355 325 394 quam
349 354 430 379 non
458 353 652 378 summam
683 337 864 389 saturae)
903 350 1024 391 quam
1052 336 1142 389 ipsa
1167 335 1295 379 verba
1318 336 1514 374 Varronis
1544 350 1568 374 a
1595 337 1689 376 Phi—

141 436 151 447 κ
203 414 369 465 largyro
400 411 546 457 afferri,
577 411 772 449 assentiet
803 408 1000 455 Prellero,
1033 408 1102 460 qui
1131 407 1297 459 propius
1331 407 1452 445 totius
1484 407 1565 447 loci
1596 420 1690 446 con-

204 483 485 521 formationem
513 482 738 533 aspexerit:
769 492 846 519 nec
877 478 928 517 de
958 492 1006 516 eo
1036 477 1133 516 licet
1162 476 1417 526 addubitare,
1447 480 1544 531 quin
1576 493 1597 518 e
1628 493 1689 518 re-

204 554 325 606 liquis
363 551 464 590 nihil
501 551 701 591 redundet
738 550 790 590 ad
824 551 1062 590 Varronem.
1125 548 1236 601 Quid
1273 562 1371 587 vero
1399 549 1432 586 si
1461 550 1691 588 etiamnunc

203 630 317 663 recta
363 624 544 662 oratione
592 627 631 661 et
668 621 794 674 plena
839 625 979 659 extant
1023 633 1072 659 ea
1113 619 1260 668 verba,
1319 631 1488 671 quorum
1532 620 1690 659 Philar—

203 709 327 748 gyrus
366 695 608 734 sententiam
646 698 801 732 tantum
839 691 1049 731 exhibuit?
1116 690 1315 730 Nimirum
1355 695 1457 728 ΜΑΝιι
1490 691 1692 741 fragmen—

203 773 287 805 tum
318 765 398 818 (22)
439 770 501 804 cst
538 779 562 804 a
596 765 730 803 Nonio
769 778 808 816 p.
849 769 936 812 183,
979 770 1000 804 5
1031 767 1255 804 servatum:
1298 774 1368 800 nec
1397 767 1512 800 natus
1539 766 1596 799 est
1624 774 1694 800 nec

205 840 408 882 morietur,
445 839 542 886 viyet
582 841 704 885 υερει,
744 841 783 873 ιιι
815 841 906 884 poce
934 836 1166 882 plurimum:
1205 845 1310 885 quae
1352 831 1403 871 (le
1433 832 1582 871 mundo
1614 832 1694 871 dici

203 909 338 960 videri⁴
383 922 434 948 ne
475 907 695 947 Oehlerum
729 905 892 958 quidem
929 904 1056 954 fugit,
1101 905 1170 956 qui
1210 903 1330 942 etiam
1358 903 1458 941 illud
1488 909 1537 940 Ds
1565 907 1695 940 Sanun:
1729 929 1731 931 -

204 981 472 1030 fragmentum
520 977 694 1016 conferri
742 975 867 1015 iubet.
937 975 1095 1013 Nonne
1130 981 1192 1013 est
1230 974 1333 1012 haec
1372 985 1493 1026 quam
1530 973 1696 1024 promisi

200 1039 361 1104 species
395 1049 714 1102 probabilitatis,
739 1060 807 1086 'ex
843 1046 1187 1096 hoc'fragmento
1224 1051 1262 1083 et
1294 1058 1345 1083 ex
1375 1044 1453 1082 hac
1481 1044 1603 1095 igitur
1629 1058 1691 1082 sa-

203 1129 293 1162 tura
329 1136 402 1162 sua
427 1122 499 1161 illa
528 1125 573 1160 de
607 1123 730 1159 salute
760 1119 908 1157 citasse
937 1117 1242 1170 Philargyrum:
1283 1121 1323 1154 ct
1363 1120 1498 1154 tamen
1538 1114 1692 1167 absque

205 1209 253 1233 eo
280 1195 506 1245 fragmento
538 1193 706 1238 fuisset,
745 1190 835 1242 quis
862 1188 931 1227 vel
959 1202 1033 1241 per
1059 1188 1255 1227 somnium
1286 1186 1528 1236 cogitasset,
1569 1186 1692 1225 talem

204 1265 445 1321 sententiam
485 1262 666 1301 habitam
705 1260 831 1298 fuisse
868 1259 910 1297 in
948 1262 1085 1295 MAmo?
1154 1258 1244 1296 Nec
1283 1270 1380 1295 vero
1424 1258 1504 1295 iam
1543 1257 1694 1295 vicisse

205 1350 370 1375 causam
398 1334 541 1374 videor
571 1332 680 1380 mihi,
711 1344 787 1370 nec
818 1343 890 1382 pro
922 1334 1032 1367 certo
1056 1328 1219 1367 vendito
1243 1328 1369 1366 fuisse
1394 1327 1489 1366 olim
1515 1333 1692 1366 saturam

204 1407 499 1447 Varronianam
526 1407 667 1440 ΜΑΝιυκ
695 1404 784 1437 Ham
812 1406 1010 1438 ΣωτΗΡιΛο.
1060 1401 1308 1450 Fragmenta
1339 1399 1503 1451 quidem
1536 1405 1636 1437 Minu
1668 1415 1693 1439 a

204 1462 453 1516 Mommseno
482 1474 650 1528 pulchre
681 1471 865 1511 ordinata
895 1460 988 1510 dum
1016 1471 1230 1523 perlustro,
1267 1471 1387 1510 video
1420 1471 1693 1511 commendari

204 1549 339 1599 legum
369 1547 669 1593 salubritatem,
700 1544 866 1583 deorum
891 1544 1042 1582 cultum
1069 1548 1108 1581 et
1137 1543 1330 1594 pietatem
1367 1543 1550 1590 suaderi,
1590 1543 1692 1581 anti·

202 1634 310 1673 quae
348 1620 459 1659 vitae
490 1619 700 1657 Romanae
737 1614 1059 1666 simplicitatem,
1101 1615 1399 1665 frugalitatem,
1438 1614 1690 1666 hospitalita-

202 1699 285 1730 tem
310 1690 488 1737 laudari,
520 1694 564 1726 ut
594 1687 812 1726 informare
837 1687 969 1725 animo
996 1686 1140 1738 possis,
1170 1699 1259 1724 eam
1290 1690 1467 1723 saturam
1496 1681 1585 1735 περὶ
1616 1697 1687 1724 σω-

205 1764 340 1814 τηρίας
366 1762 602 1813 inscriptam
628 1759 776 1806 fuisse,
820 1771 901 1810 qua
931 1758 1061 1796 Varro
1096 1757 1188 1795 illas
1216 1771 1282 1796 res
1311 1756 1364 1795 ad
1394 1756 1599 1818 h‘ominum
1631 1759 1689 1796 vi-

205 1840 287 1872 tam
332 1834 560 1885 civiumque
599 1831 836 1869 societatem
867 1835 1073 1881 tamquam
1104 1829 1221 1867 unice
1251 1827 1449 1867 salutares
1478 1828 1689 1880 praedica-

206 1910 278 1943 ret.
332 1905 423 1943 Nec
460 1902 614 1950 obstat,
643 1901 751 1954 quod
782 1902 896 1941 nulla
924 1901 1106 1940 Manium
1134 1900 1239 1938 inter
1269 1905 1309 1938 et
1338 1899 1535 1949 σωτηρίαν
1566 1901 1690 1938 inter-

205 1975 353 2014 cedere
383 1975 486 2013 ratio
516 1971 722 2011 videatur:
753 1973 793 2027 in
826 1985 907 2025 qua
940 1984 985 2010 re
1012 1972 1046 2010 si
1073 1971 1171 2023 quid
1201 1970 1317 2009 nobis
1341 1984 1446 2009 nunc
1477 1971 1692 2010 obscurum

205 2053 280 2095 est,
313 2051 474 2099 poterat
503 2044 599 2083 olim
630 2046 671 2083 in
701 2028 935 2093 integritate
966 2048 1131 2081 saturae
1168 2042 1331 2094 planum
1366 2055 1416 2081 ac
1435 2043 1695 2095 perspicuum

208 2131 312 2156 esse.
351 2117 550 2156 Nimirum
564 2116 698 2167 Varro
730 2118 888 2152 saturas
916 2112 1003 2151 fere
1024 2112 1083 2150 ita
1106 2113 1306 2152 adornare
1327 2112 1498 2160 solebat,
1532 2120 1575 2153 ut
1602 2129 1691 2154 nar-

205 2189 351 2226 rationi
380 2186 543 2239 lepidae
577 2199 623 2223 ac
656 2184 791 2223 colore
821 2183 947 2236 p'rope
982 2185 1171 2222 scaenico
1202 2184 1352 2222 tinctae
1382 2183 1694 2237 disputationem

206 2260 411 2296 intexeret
449 2270 559 2303 eam,
599 2269 705 2309 quae
741 2255 905 2308 proprie
941 2260 1219 2305 argumentum
1258 2260 1420 2294 saturae
1451 2257 1694 2309 complecte-

208 2334 331 2367 retur.
392 2327 460 2366 Sic
490 2327 620 2378 potuit
648 2327 828 2365 Manium
857 2326 1056 2379 aliquem,
1085 2325 1163 2363 hoc
1195 2331 1256 2364 cst
1287 2326 1355 2378 qui
1385 2332 1424 2365 et
1454 2327 1542 2379 ipse
1568 2328 1695 2379 surgit
1748 2362 1751 2365 .

208 2412 326 2437 mane
358 2404 398 2436 et
431 2397 549 2448 erigit
574 2396 690 2445 alios,
720 2396 995 2449 disputantem
1023 2396 1074 2435 de
1107 2396 1178 2443 eis,
1211 2409 1316 2448 quae
1347 2398 1520 2436 maxime
1549 2397 1602 2437 ad
1630 2412 1693 2436 sa-

207 2471 332 2508 lutem
371 2467 573 2506 hominum
605 2467 1092 2516 conferrent,‚inducere.
1153 2467 1236 2506 Aut
1270 2467 1366 2520 quid
1395 2469 1576 2521 periplus
1607 2483 1696 2508 cum

209 2528 466 2592 philosophia
503 2551 711 2577 commune
745 2538 891 2587 habet,
933 2539 1010 2577 nisi
1049 2536 1157 2591 quod
1190 2537 1293 2576 haec
1323 2545 1602 2589 argumentum
1631 2554 1693 2578 sa—

207 2618 335 2657 turae,
366 2609 435 2647 ille
462 2608 664 2647 tractandi
694 2609 891 2649 rationem
923 2609 1143 2662 significat:
1178 2615 1246 2647 aut
1269 2609 1475 2660 caprinum
1499 2610 1695 2662 proelium

208 2694 299 2719 cum
326 2672 478 2732 ἡδονῇ,
510 2678 587 2718 nisi
618 2679 727 2732 quod
756 2681 872 2719 titulo
902 2686 1116 2734 utrumque
1143 2684 1184 2717 et
1212 2680 1382 2718 materia
1410 2679 1695 2731 disputationis

212 2759 252 2791 et
279 2750 443 2790 habitus
473 2763 520 2788 ac
551 2750 680 2788 forma
708 2751 951 2789 narrationis
979 2748 1240 2788 indicandum
1273 2750 1375 2788 fuit?
1435 2750 1491 2789 At
1519 2764 1618 2790 vero
1648 2751 1694 2789 li-

211 2830 276 2869 cet
302 2823 364 2861 his
395 2828 433 2861 et
465 2816 659 2860 similibus
695 2813 889 2860 adiuvare
922 2820 1035 2859 illam
1072 2820 1346 2872 opinationem
1375 2822 1526 2873 possis,
1566 2822 1695 2873 potuit

209 2900 357 2941 tamen,
389 2905 468 2946 qno
499 2892 626 2931 omnis
654 2891 757 2930 haec
791 2891 959 2944 suspitio
986 2891 1140 2939 nititur,
1173 2891 1343 2931 eandem
1371 2893 1502 2932 Varro
1535 2896 1695 2929 senten-
