1898 3236
730 274 1074 306 comnc'rANmA.
1591 265 1644 305 29

87 408 106 412 =
162 394 272 427 nam,
304 388 348 419 ut
379 387 442 419 est
471 380 578 432 apud
597 381 774 419 Nonium
798 394 838 431 p.
865 386 954 428 367,
984 386 1048 422 17:
1079 381 1122 419 in
1152 379 1264 418 euius
1293 378 1408 416 libris
1434 378 1542 430 quod
1572 378 1645 417 ibi-

163 451 256 489 dem
284 457 329 493 29
364 451 443 502 (his
474 452 580 490 enim
609 451 752 504 eadem
781 451 930 502 pagina
954 450 1062 490 idem
1091 450 1361 502 fragmentum
1390 449 1644 501 perscripsit)

161 535 233 572 pro
264 526 365 560 stetit
393 521 605 560 exhibetur
633 528 690 559 est
716 527 752 558 et
779 523 838 567 id,
870 521 998 560 homa
1018 521 1279 560 Lachmanno
1311 520 1363 559 ad
1383 521 1562 558 Lucretii
1585 521 1651 559 IV.

161 598 232 633 283
265 591 318 630 ad
350 590 392 629 id
428 604 556 642 genus
595 589 820 643 scripturae
857 591 1052 640 refertur,
1093 606 1171 644 quo
1210 605 1231 630 s
1262 580 1422 644 impuro
1459 592 1502 629 in
1531 592 1645 629 initio

119 705 130 712 ,
161 652 450 702 vocabulorum
477 665 492 700 i
500 693 509 708 ‚
547 666 606 707 in,
645 664 703 708 hi,
734 663 814 707 his,
854 674 875 699 e
910 663 1242 714 praemittuntur:
1286 669 1331 701 ut
1356 662 1430 700 illa
1459 667 1517 700 est
1546 668 1582 699 et
1607 665 1648 699 id

161 747 242 772 non
272 733 424 771 distent
446 731 496 770 ab
526 735 661 770 estetid
683 732 750 770 vel
772 735 891 777 stetit,
924 732 1260 784 quemadmodum
1287 736 1470 782 reliquid,
1500 735 1646 781 inquid,

158 807 238 849 sid,
269 805 396 852 queml
420 802 501 840 alia
527 804 680 854 scripta
707 803 749 840 in
778 801 893 841 libris
922 804 1180 843 inveniuntur
1208 817 1280 856 pro
1308 806 1483 852 reliquit,
1512 806 1646 851 inquit,

159 877 227 920 sit,
266 880 392 922 queat.
446 874 503 912 At
537 879 673 911 tamen
711 872 808 912 licet
837 874 910 912 illa
945 880 1001 912 est
1030 880 1066 912 et
1098 876 1140 912 id
1166 887 1248 912 non
1276 875 1406 912 minus
1437 873 1645 912 commode

162 958 282 998 quam
317 946 359 983 in
394 947 529 983 estetid
557 945 624 983 vel
659 946 760 982 stetit
796 945 1055 997 interpretari
1090 945 1131 983 in
1165 950 1258 983 estet
1288 947 1329 982 id
1356 946 1397 984 h.
1426 959 1462 986 e.
1495 951 1566 984 stet
1594 949 1646 991 id,

161 1016 269 1068 quod
298 1016 394 1054 mihi
422 1016 560 1068 paullo
598 1015 721 1053 etiam
757 1017 1063 1054 convenientius
1093 1016 1320 1054 sententiae
1350 1016 1522 1056 videtur.
1582 1017 1646 1055 Ac

160 1087 229 1126 vel
259 1088 318 1126 sic
349 1088 503 1126 numeri
531 1085 746 1125 verborum
774 1093 992 1138 apparent,
1025 1101 1125 1140 quos
1152 1100 1227 1137 ego
1256 1088 1315 1126 sic
1345 1101 1563 1140 recupero:

364 1209 372 1216 .
406 1209 414 1216 .
437 1180 539 1227 quod
556 1178 734 1215 Minerva
748 1183 914 1227 propter
933 1181 1025 1224 stet,
1038 1181 1091 1216 ‘id
1109 1179 1438 1228 siqnifica're‘eum

362 1251 529 1298 Pro'pter
558 1251 771 1288 doctrinam

160 1329 225 1367 De
247 1327 445 1381 producta
464 1335 536 1367 stet
555 1329 684 1367 forma
706 1329 758 1367 cf.
780 1328 1028 1367 Ritschelius
1052 1329 1094 1367 111
1114 1328 1414 1380 prolegomenis
1439 1328 1491 1368 ad
1512 1329 1648 1368 Plauti

161 1400 438 1439 Trinummum
466 1414 507 1452 p.
537 1411 741 1438 cnxxxln.
786 1398 975 1438 Ceterum
1008 1399 1252 1451 imperfecta
1281 1401 1589 1448 sententia-est.

272 1473 406 1522 Pergo
437 1476 653 1523 pertexere
680 1475 845 1507 nostrae
876 1475 1038 1507 saturae
1064 1469 1147 1508 fila.
1185 1470 1364 1508 Musicus
1395 1485 1485 1509 cum
1510 1485 1645 1510 exem-

160 1542 229 1593 plo
260 1542 526 1588 ostendisset,
568 1554 658 1578 eam
688 1546 816 1578 artem
855 1554 936 1578 11011
974 1546 1126 1579 temere
1164 1554 1211 1579 ac
1243 1541 1355 1579 nullo
1385 1544 1549 1593 negotio
1575 1557 1648 1595 pa-

162 1612 262 1659 rari,
292 1617 477 1650 naturam
507 1611 593 1649 eius
625 1624 674 1649 ac
701 1611 877 1649 rationes
908 1609 1093 1667 discendi
1122 1624 1358 1664 expromere
1384 1613 1578 1652 instituit:

274 1691 356 1730 XV
378 1689 434 1742 (5)
493 1721 503 1730 .
531 1690 699 1738 primum
730 1702 814 1727 eam
843 1701 924 1727 esse
946 1682 1118 1738 fys-icen,
1158 1694 1261 1739 quod
1283 1693 1333 1730 sit
1362 1689 1534 1742 ἔμφυτος

483 1763 530 1800 Ue
555 1761 641 1809 ipsa
671 1774 747 1799 vox
777 1763 879 1798 basis
911 1762 1004 1797 eius.
1227 1788 1282 1836 χ

159 1842 358 1880 Musicam
385 1847 513 1878 artem
540 1839 745 1891 designari
773 1846 956 1892 apertum
987 1846 1070 1887 est,
1111 1846 1152 1878 et
1185 1839 1235 1878 ab
1268 1840 1446 1880 Oehlero
1478 1842 1646 1882 adnota-

160 1919 258 1951 tum.
306 1912 356 1950 Id
382 1912 486 1962 fugit
511 1925 622 1960 eum,
651 1911 780 1950 verba
805 1912 864 1949 sic
885 1917 929 1949 ut
955 1924 980 1948 a
1000 1910 1134 1948 Nonio
1158 1911 1420 1962 perhibentur
1440 1926 1480 1964 p.
1502 1919 1560 1961 79,
1587 1921 1645 1962 33,

160 1985 202 2022 in
231 1984 413 2022 senarios
443 1983 564 2021 coire.
621 1981 738 2033 Quae
769 1984 811 2021 in
839 1982 952 2020 initio
981 1982 1126 2034 prioris
1155 1995 1298 2021 versus
1327 1982 1444 2021 deest
1472 1984 1646 2036 syllaba,

159 2060 296 2106 potest
337 2067 383 2092 ac
418 2054 566 2102 fuisse,
607 2053 656 2091 ab
684 2054 947 2106 inscriptione
973 2046 1067 2098 ὄνος
1099 2056 1221 2090 Amo
1257 2052 1462 2106 absorpta.
1522 2053 1646 2105 ἔμφυ-

159 2137 225 2171 τος
253 2137 402 2175 graece
430 2125 594 2177 scripsi,
628 2138 718 2163 cum
744 2123 837 2162 libri
865 2125 1029 2174 emfytos
1052 2123 1227 2173 (emfitos)
1250 2124 1434 2163 tradant:
1462 2128 1648 2175 physicen

161 2201 298 2234 autem
333 2201 373 2234 et
402 2197 504 2233 basis
532 2195 655 2233 malui
693 2194 830 2233 latinis
867 2194 1015 2233 litteris
1040 2194 1238 2233 scribere:
1283 2194 1577 2246 descriptorum
1605 2197 1648 2235 in

159 2266 237 2304 hoc
266 2279 415 2317 genere
443 2266 530 2304 fere
559 2265 671 2303 nulla
688 2264 805 2312 fides,
837 2265 906 2315 qui
935 2265 1173 2316 saepissime
1198 2278 1349 2315 graeca
1373 2265 1525 2314 latinis,
1548 2280 1647 2305 non-

160 2349 379 2387 numquam
406 2336 540 2382 etiam,
573 2323 676 2387 quae
705 2347 814 2373 mere
843 2334 973 2373 latina
988 2342 1093 2383 sunt,
1125 2336 1284 2386 graecis
1298 2335 1445 2374 litteris
1462 2338 1647 2389 pingant.

275 2407 436 2444 Natura
473 2406 596 2456 igitur
631 2419 679 2443 ac
718 2404 877 2443 indoles
917 2419 1006 2444 cum
1043 2407 1270 2459 requiratur
1299 2406 1351 2445 ad
1381 2414 1529 2457 artem,
1568 2423 1649 2447 non

162 2484 318 2525 tamen,
356 2477 435 2515 nisi
465 2475 639 2515 studium
669 2476 841 2515 accedat
870 2484 911 2516 et
939 2478 1133 2526 scientia,
1170 2467 1310 2530 paullo
1339 2479 1534 2529 insignior
1564 2494 1646 2518 mu-

163 2549 269 2586 sicus
302 2547 462 2586 evadet.
518 2547 718 2599 Exemplo
741 2555 834 2586 sunt
859 2545 1054 2588 vinitores
1080 2555 1121 2587 et
1145 2550 1454 2597 sarcinatrices,
1486 2552 1574 2602 qui,
1604 2558 1648 2590 ut

162 2632 243 2656 non
271 2618 454 2657 destituti
491 2624 583 2656 sunt
619 2617 756 2656 indole
787 2619 980 2671 quadam,
1027 2621 1085 2659 ita
1119 2633 1209 2658 cum
1241 2619 1450 2659 libidinem
1478 2628 1647 2670 tantum,

162 2703 243 2727 non
271 2688 446 2726 studium
475 2693 718 2740 sequantur,
748 2689 955 2729 incondita
985 2697 1145 2730 canunt.

275 2770 380 2809 XVI
403 2768 484 2822 (12)
546 2773 728 2809 Homines
764 2774 927 2811 rusticos
954 2776 994 2810 in
1031 2775 1218 2812 vindemia
1250 2778 1443 2813 incondita
1474 2781 1647 2822 cantare,

365 2844 642 2879 sarcinatrices
667 2844 707 2879 in
737 2844 934 2882 machinis.

163 2924 438 2962 Sarcinaericis
459 2924 581 2963 Nonii
607 2923 697 2963 libri
722 2939 762 2977 p.
785 2931 849 2974 56,
872 2932 919 2967 23
941 2926 1003 2966 bis
1026 2933 1067 2966 et
1087 2929 1128 2966 in
1153 2928 1344 2967 lemmate
1375 2934 1416 2967 et
1446 2930 1487 2967 in
1512 2942 1646 2968 exem-
