1898 3236
236 285 262 324 6
803 287 1144 319 comssc‘rANEA.

234 396 392 448 placet,
435 409 535 442 nec,
577 400 661 446 qua·
690 394 851 441 nititur,
893 392 1121 442 analogiam
1160 405 1360 442 agnosco:
1406 391 1571 428 multum
1607 390 1712 428 enim

239 467 375 518 dispar
405 472 466 505 est
491 468 652 514 praecia
683 465 839 515 glossa,
873 462 1177 515 quam Paulus
1208 461 1413 500 breviator
1442 461 1555 499 Festi
1586 461 1711 513 expli-

236 538 317 576 cuit
345 551 384 589 p.
411 542 479 576 224
507 536 563 574 M.
586 534 771 572 Aliorum
800 538 1026 572 commenta
1056 533 1189 571 sciens
1221 531 1373 572 omitto.

347 619 511 659 Fr.,III
547 632 662 657 suum
694 618 863 656 nitorem
898 617 1148 656 Lachmanni
1186 616 1348 667 ingenio
1381 614 1523 663 debet,
1562 615 1630 667 qui
1661 614 1714 653 ad

235 689 415 728 Lucretii
445 689 483 727 V
511 695 579 731 679
607 702 647 740 p.
676 694 745 730 306
775 702 824 727 ex
852 688 929 726 hac
952 675 1075 727 Nonii
1101 686 1294 726 memoria
1320 700 1359 738 p.
1386 691 1444 733 88,
1473 691 1496 726 4
1520 687 1714 724 Pacuvius

234 763 444 808 discipulus
481 763 742 808 dicorporrois
783 761 924 807 (dicor,
972 771 1091 806 porro
1123 760 1156 795 is
1189 755 1414 807 Mercerus)
1451 756 1530 804 fuit
1565 757 1714 792 Ennius

237 831 373 876 (Enni,
414 832 566 869 Ennius
595 830 784 882 Rothius)
824 831 1037 867 Musarum.
1100 828 1310 875 Pompilius
1347 827 1477 864 clueor
1510 825 1711 878 lepidissi-

235 914 361 948 mum,
402 900 510 953 quod
550 914 671 951 supra
709 902 872 953 scripsi,
914 898 1130 937 distichion
1161 896 1309 935 elicuit.
1369 897 1593 949 Pompilius
1624 897 1712 948 quis

235 971 375 1018 fuerit,
418 969 554 1009 dicere
584 986 663 1010 non
692 985 877 1024 possum:
918 969 1079 1010 videtur
1120 972 1254 1007 autem
1289 966 1367 1004 hoc
1402 966 1532 1018 ipsum
1566 979 1713 1005 nomen

234 1054 325 1079 esse
357 1041 464 1089 eius,
505 1055 623 1093 quem
651 1042 781 1081 Varro
810 1040 993 1087 induxit,
1031 1038 1199 1086 musici,
1243 1038 1310 1089 qui
1343 1049 1456 1075 suam
1485 1042 1612 1075 artem
1640 1050 1714 1089 per

234 1111 404 1149 Pacuvii
436 1112 638 1164 Enniique
672 1111 824 1162 gradus
860 1111 910 1150 ab
944 1112 1122 1163 ipsarum
1146 1097 1354 1148 M'usarum
1387 1107 1519 1158 gratia
1552 1105 1711 1158 repetit.

234 1179 456 1219 ‘Musarum
486 1181 724 1234 discipulus'
761 1181 869 1234 quod
896 1180 1050 1220 Ennius
1081 1184 1273 1227 vocatur,
1314 1178 1367 1216 ad
1395 1178 1480 1216 eius
1508 1176 1712 1216 annalium

236 1250 443 1290 exordium
464 1252 721 1291 referendum
745 1257 819 1300 est,
841 1264 920 1304 quo
942 1251 1165 1303 respiciens
1181 1249 1395 1288 Lucretius
1415 1248 1437 1286 I
1458 1252 1523 1288 117
1546 1245 1712 1285 cecinit:

1044 1355 1111 1401 qui
1133 1353 1286 1399 primus
1314 1360 1469 1388 amoeno

429 1425 570 1462 Detulit
600 1436 651 1462 ex
679 1425 861 1462 Helicone
890 1424 1054 1471 perenni
1078 1422 1221 1470 fronde
1250 1432 1442 1458 coronam.

234 1527 298 1564 De
330 1527 459 1563 forma
491 1527 611 1564 Pacvi
646 1525 740 1564 vide
767 1523 1028 1570 Lachmanno
1059 1521 1265 1561 laudatum
1291 1522 1584 1560 Mommsenum
1617 1521 1712 1567 (Un-

234 1598 466 1634 lericalische
496 1597 668 1633 Dialecle
703 1607 741 1643 p.
772 1593 873 1645 284).
932 1593 1016 1632 Sed
1054 1591 1163 1646 quod
1203 1591 1416 1630 distichum
1455 1589 1558 1628 illud
1593 1590 1712 1628 tertio

232 1668 323 1705 loco
358 1665 547 1718 apposui,
581 1663 718 1702 dubito
756 1676 850 1702 num
883 1664 981 1703 satis
1014 1668 1123 1702 certo
1153 1661 1404 1700 instituerim.
1464 1660 1603 1699 Tenor
1627 1661 1713 1712 qui-

213 1727 325 1776 'dem
354 1736 643 1775 sententiarum
675 1732 883 1771 commode
909 1746 933 1771 a
962 1732 1190 1783 significata
1213 1731 1469 1783 professione
1494 1730 1546 1769 ad
1567 1743 1714 1769 nomen

232 1809 363 1860 ipsum
385 1804 589 1859 procedit:
623 1802 696 1841 sed
726 1815 815 1841 cum
839 1793 1001 1841 di'stichi
1021 1807 1166 1841 natura
1184 1801 1358 1839 maxime
1389 1800 1596 1839 clausulae
1619 1814 1711 1838 con-

234 1879 372 1917 veniat
403 1877 476 1928 (cf.
506 1876 556 1915 G.
581 1875 839 1913 Hermannus
869 1874 910 1911 in
939 1873 1151 1912 elementis
1178 1872 1216 1911 d.
1244 1886 1295 1910 m.
1322 1885 1362 1923 p.
1389 1871 1499 1923 359),
1531 1872 1618 1910 fere
1642 1871 1711 1909 ad-

234 1948 377 1996 ducor,
419 1953 463 1985 ut
491 1945 648 1997 reliqua
677 1944 870 1995 prooemii
901 1943 1130 1994 fragmenta
1156 1942 1335 1981 'iambica
1362 1940 1548 1980 concludi
1581 1942 1713 1993 aptius

234 2019 405 2058 disticho
431 2019 583 2070 opiner.
631 2008 762 2054 Varro
785 2013 948 2065 quidem
967 2015 1056 2066 ipse
1076 2013 1224 2062 semel,
1249 2013 1317 2052 vel
1342 2014 1376 2051 si
1395 2017 1506 2051 recte
1529 2012 1712 2060 conficio,

233 2092 294 2129 bis
319 2095 533 2142 praeterea
558 2084 784 2124 claudendo
811 2085 1100 2123 sententiarum
1128 2083 1258 2122 ordini
1287 2083 1487 2126 distichon
1517 2081 1712 2121 adhibuit.

234 2162 302 2201 Sic
333 2162 374 2199 in
401 2165 609 2202 Sssxffinssi,
645 2160 890 2207 conquestus
921 2153 1030 2192 urbis
1058 2155 1267 2192 Romanae
1298 2153 1641 2205 depravationem,
1673 2153 1715 2190 in

233 2232 310 2269 hoc
341 2229 566 2276 distichon,
606 2226 714 2280 quod
745 2225 1029 2264 Lachmannus
1069 2223 1120 2262 ad
1152 2223 1331 2262 Lucretii
1363 2223 1385 2261 Ι
1415 2230 1483 2264 805
1513 2236 1550 2273 p.
1578 2229 1623 2264 56
1652 2236 1712 2261 re-

235 2301 363 2339 stituit
394 2298 460 2351 (fr.
489 2298 512 2339 8
543 2296 681 2348 Oehl.)

428 2402 533 2450 Eryo
567 2405 646 2438 tum
674 2400 818 2436 Romae
843 2408 967 2445 parce
995 2406 1170 2444 pureque
1192 2397 1375 2443 pudentis

511 2471 652 2508 Vixere
681 2468 743 2515 (en
767 2468 977 2516 patrium):
1009 2478 1110 2504 nunc
1139 2477 1270 2504 sumus
1295 2468 1334 2503 iu
1364 2467 1515 2503 ruluba.

235 2577 413 2629 {graviter
445 2579 576 2618 desiit.
637 2577 693 2616 Ut
724 2576 818 2614 huic
856 2574 1083 2625 fragmento
1121 2574 1242 2626 paulo
1276 2574 1414 2626 plures
1449 2586 1568 2625 quam
1604 2572 1713 2625 apud

236 2649 457 2687 Oehlerum
493 2648 690 2699 reliquiae
729 2646 934 2698 praemitti
972 2644 1160 2702 debeant.
1223 2643 1298 2683 Cui
1336 2644 1511 2696 compari
1548 2648 1588 2682 et
1620 2656 1711 2682 sen-

234 2720 360 2757 tentia
391 2724 431 2757 et
459 2731 535 2757 usu
564 2723 626 2757 est
652 2718 730 2756 hoc
762 2717 813 2757 de
840 2722 1225 2754 PEPONTOAlAonAAwl
1259 2715 1527 2766 fragmentum
1555 2713 1661 2766 (14)⁷:

345 2822 450 2868 Eryo
480 2826 557 2858 tum
583 2832 720 2858 sacrae
747 2822 946 2869 reliqiosae
965 2823 1170 2868 castaeque
1193 2818 1358 2866 fuerunt
1381 2828 1444 2855 res
1472 2828 1621 2855 omnes.-

234 2921 275 2959 in
306 2934 384 2973 quo
416 2920 523 2973 quod
555 2921 602 2960 L.
641 2921 849 2960 Prellerus
883 2921 982 2968 (Jen.
1014 2922 1100 2958 Litt.
1132 2921 1289 2967 Zeilunq
1332 2922 1420 2958 1847
1458 2931 1497 2956 n.
1529 2916 1613 2968 157)
1650 2928 1713 2954 res
