<?xml version="1.0" encoding="UTF-8"?>
<!DOCTYPE html PUBLIC "-//W3C//DTD XHTML 1.0 Transitional//EN"
    "http://www.w3.org/TR/xhtml1/DTD/xhtml1-transitional.dtd">
<html xmlns="http://www.w3.org/1999/xhtml" xml:lang="en" lang="en">
 <head>
  <title>
</title>
<meta http-equiv="Content-Type" content="text/html;charset=utf-8" />
  <meta name='ocr-system' content='tesseract 3.04.00' />
  <meta name='ocr-capabilities' content='ocr_page ocr_carea ocr_par ocr_line ocrx_word'/>
</head>
<body>
  <div class='ocr_page' id='page_1' title='image "./inmterentivarron00vahluoft/inmterentivarron00vahluoft_0176.png"; bbox 0 0 1898 3236; ppageno 0'>
   <div class='ocr_carea' id='block_1_1' title="bbox 233 242 1146 288">
    <p class='ocr_par' dir='ltr' id='par_1_1' title="bbox 233 242 1146 288">
     <span class='ocr_line' id='line_1_1' title="bbox 233 242 1146 288; baseline -0.005 0"><span class='ocrx_word' id='word_1_1' title='bbox 233 248 313 288; x_wconf 90' lang='lat'><strong>166</strong></span> <span class='ocrx_word' id='word_1_2' title='bbox 539 286 543 287; x_wconf 15' lang='lat'><strong>.</strong></span> <span class='ocrx_word' id='word_1_3' title='bbox 805 242 1146 285; x_wconf 75' lang='lat' dir='ltr'><strong>conc&#39;rANEA.</strong></span> 
     </span>
    </p>
   </div>
   <div class='ocr_carea' id='block_1_2' title="bbox 215 356 1744 1332">
    <p class='ocr_par' dir='ltr' id='par_1_2' title="bbox 215 356 1744 1332">
     <span class='ocr_line' id='line_1_2' title="bbox 229 356 1712 410; baseline -0.002 -10"><span class='ocrx_word' id='word_1_4' title='bbox 229 364 310 400; x_wconf 83' lang='lat' dir='ltr'><strong>sine</strong></span> <span class='ocrx_word' id='word_1_5' title='bbox 350 364 475 400; x_wconf 84' lang='lat' dir='ltr'><strong>animo</strong></span> <span class='ocrx_word' id='word_1_6' title='bbox 511 363 580 399; x_wconf 85' lang='lat' dir='ltr'><strong>sed</strong></span> <span class='ocrx_word' id='word_1_7' title='bbox 615 361 728 399; x_wconf 65' lang='lat' dir='ltr'><strong>ab&#39;h.</strong></span> <span class='ocrx_word' id='word_1_8' title='bbox 765 358 990 398; x_wconf 83' lang='lat' dir='ltr'><strong>conamina.</strong></span> <span class='ocrx_word' id='word_1_9' title='bbox 1048 358 1240 410; x_wconf 89' lang='lat' dir='ltr'><strong>Denique</strong></span> <span class='ocrx_word' id='word_1_10' title='bbox 1270 356 1456 408; x_wconf 84' lang='lat' dir='ltr'><strong>Scaliger</strong></span> <span class='ocrx_word' id='word_1_11' title='bbox 1480 358 1523 396; x_wconf 93' lang='lat' dir='ltr'><strong>in</strong></span> <span class='ocrx_word' id='word_1_12' title='bbox 1553 358 1712 397; x_wconf 88' lang='lat' dir='ltr'><strong>coniec-</strong></span> 
     </span>
     <span class='ocr_line' id='line_1_3' title="bbox 215 428 1714 484; baseline -0.002 -13"><span class='ocrx_word' id='word_1_13' title='bbox 215 433 360 471; x_wconf 86' lang='lat' dir='ltr'><strong>·taneis</strong></span> <span class='ocrx_word' id='word_1_14' title='bbox 394 446 432 484; x_wconf 89' lang='lat' dir='ltr'><strong>p.</strong></span> <span class='ocrx_word' id='word_1_15' title='bbox 476 436 538 472; x_wconf 81' lang='lat'><strong>141</strong></span> <span class='ocrx_word' id='word_1_16' title='bbox 582 429 857 481; x_wconf 83' lang='lat' dir='ltr'><strong>indulgentior</strong></span> <span class='ocrx_word' id='word_1_17' title='bbox 897 430 1061 481; x_wconf 85' lang='lat' dir='ltr'><strong>ingenio</strong></span> <span class='ocrx_word' id='word_1_18' title='bbox 1097 428 1320 480; x_wconf 87' lang='lat' dir='ltr'><strong>probabilis</strong></span> <span class='ocrx_word' id='word_1_19' title='bbox 1359 428 1525 467; x_wconf 82' lang='lat' dir='ltr'>criticae</span> <span class='ocrx_word' id='word_1_20' title='bbox 1565 428 1714 468; x_wconf 89' lang='lat' dir='ltr'><strong>limites</strong></span> 
     </span>
     <span class='ocr_line' id='line_1_4' title="bbox 230 480 1744 553; baseline -0.003 -11"><span class='ocrx_word' id='word_1_21' title='bbox 230 503 445 542; x_wconf 85' lang='lat' dir='ltr'><strong>transiluit.</strong></span> <span class='ocrx_word' id='word_1_22' title='bbox 510 502 684 553; x_wconf 84' lang='lat' dir='ltr'><strong>Propius</strong></span> <span class='ocrx_word' id='word_1_23' title='bbox 729 500 782 539; x_wconf 83' lang='lat' dir='ltr'><strong>ad</strong></span> <span class='ocrx_word' id='word_1_24' title='bbox 819 501 1031 540; x_wconf 87' lang='lat' dir='ltr'><strong>veritatem</strong></span> <span class='ocrx_word' id='word_1_25' title='bbox 1067 500 1239 539; x_wconf 87' lang='lat' dir='ltr'><strong>Rothius</strong></span> <span class='ocrx_word' id='word_1_26' title='bbox 1283 500 1476 549; x_wconf 89' lang='lat' dir='ltr'><strong>accessit,</strong></span> <span class='ocrx_word' id='word_1_27' title='bbox 1524 480 1744 551; x_wconf 76' lang='lat' dir='ltr'><strong>graecum&#39;</strong></span> 
     </span>
     <span class='ocr_line' id='line_1_5' title="bbox 232 569 1715 627; baseline -0.003 -14"><span class='ocrx_word' id='word_1_28' title='bbox 232 573 394 627; x_wconf 87' lang='lat' dir='ltr'><strong>aliquod</strong></span> <span class='ocrx_word' id='word_1_29' title='bbox 436 571 678 612; x_wconf 88' lang='lat' dir='ltr'><strong>vocabulum</strong></span> <span class='ocrx_word' id='word_1_30' title='bbox 713 571 769 610; x_wconf 93' lang='lat' dir='ltr'><strong>ibi</strong></span> <span class='ocrx_word' id='word_1_31' title='bbox 806 571 936 610; x_wconf 89' lang='lat' dir='ltr'><strong>latere</strong></span> <span class='ocrx_word' id='word_1_32' title='bbox 973 571 1219 623; x_wconf 88' lang='lat' dir='ltr'><strong>suspicatus,</strong></span> <span class='ocrx_word' id='word_1_33' title='bbox 1256 571 1336 609; x_wconf 86' lang='lat' dir='ltr'><strong>nisi</strong></span> <span class='ocrx_word' id='word_1_34' title='bbox 1376 569 1485 622; x_wconf 88' lang='lat' dir='ltr'><strong>quod</strong></span> <span class='ocrx_word' id='word_1_35' title='bbox 1523 575 1715 609; x_wconf 86' lang='lat' dir='ltr'><strong>nontam</strong></span> 
     </span>
     <span class='ocr_line' id='line_1_6' title="bbox 233 628 1715 694; baseline -0.003 -11"><span class='ocrx_word' id='word_1_36' title='bbox 233 638 440 694; x_wconf 75' lang='grc' dir='ltr'><em>εὐκίνητοι,</em></span> <span class='ocrx_word' id='word_1_37' title='bbox 481 643 531 682; x_wconf 92' lang='lat' dir='ltr'><strong>de</strong></span> <span class='ocrx_word' id='word_1_38' title='bbox 570 655 648 694; x_wconf 87' lang='lat' dir='ltr'><strong>quo</strong></span> <span class='ocrx_word' id='word_1_39' title='bbox 694 642 862 693; x_wconf 84' lang='lat' dir='ltr'><strong>cogitat,</strong></span> <span class='ocrx_word' id='word_1_40' title='bbox 909 654 1031 693; x_wconf 86' lang='lat' dir='ltr'><strong>quam</strong></span> <span class='ocrx_word' id='word_1_41' title='bbox 1067 634 1236 692; x_wconf 74' lang='grc' dir='ltr'><em>ἀκίνητα</em></span> <span class='ocrx_word' id='word_1_42' title='bbox 1270 641 1474 680; x_wconf 85' lang='lat' dir='ltr'><strong>sententia</strong></span> <span class='ocrx_word' id='word_1_43' title='bbox 1511 628 1715 692; x_wconf 82' lang='lat' dir='ltr'><strong>poscitur:</strong></span> 
     </span>
     <span class='ocr_line' id='line_1_7' title="bbox 232 710 1718 763; baseline -0.005 -9"><span class='ocrx_word' id='word_1_44' title='bbox 232 714 347 754; x_wconf 86' lang='lat' dir='ltr'><strong>Vidit</strong></span> <span class='ocrx_word' id='word_1_45' title='bbox 377 714 453 753; x_wconf 93' lang='lat' dir='ltr'><strong>hoc</strong></span> <span class='ocrx_word' id='word_1_46' title='bbox 474 714 527 752; x_wconf 91' lang='lat' dir='ltr'><strong>M.</strong></span> <span class='ocrx_word' id='word_1_47' title='bbox 551 713 743 756; x_wconf 86' lang='lat' dir='ltr'><strong>Hertzius</strong></span> <span class='ocrx_word' id='word_1_48' title='bbox 775 713 896 761; x_wconf 84' lang='lat' dir='ltr'><strong>(Berl.</strong></span> <span class='ocrx_word' id='word_1_49' title='bbox 917 712 1054 749; x_wconf 77' lang='lat' dir='ltr'><strong>Jahrb.</strong></span> <span class='ocrx_word' id='word_1_50' title='bbox 1074 717 1163 753; x_wconf 81' lang='lat'>1845</span> <span class='ocrx_word' id='word_1_51' title='bbox 1183 712 1205 750; x_wconf 93' lang='lat' dir='ltr'>I</span> <span class='ocrx_word' id='word_1_52' title='bbox 1223 725 1262 763; x_wconf 90' lang='lat' dir='ltr'><strong>p.</strong></span> <span class='ocrx_word' id='word_1_53' title='bbox 1281 710 1380 763; x_wconf 80' lang='lat'>261),</span> <span class='ocrx_word' id='word_1_54' title='bbox 1414 710 1483 763; x_wconf 89' lang='lat' dir='ltr'><strong>qui</strong></span> <span class='ocrx_word' id='word_1_55' title='bbox 1505 715 1594 748; x_wconf 81' lang='lat' dir='ltr'><strong>sunt</strong></span> <span class='ocrx_word' id='word_1_56' title='bbox 1614 713 1718 759; x_wconf 70' lang='lat' dir='ltr'><strong>liqna</strong></span> 
     </span>
     <span class='ocr_line' id='line_1_8' title="bbox 232 778 1715 835; baseline -0.002 -13"><span class='ocrx_word' id='word_1_57' title='bbox 232 778 353 835; x_wconf 78' lang='grc' dir='ltr'><em>φύσιν</em></span> <span class='ocrx_word' id='word_1_58' title='bbox 381 779 548 834; x_wconf 80' lang='grc' dir='ltr'><em>ἀκίνητα</em></span> <span class='ocrx_word' id='word_1_59' title='bbox 579 784 779 835; x_wconf 65' lang='lat' dir='ltr'><strong>coniecit,</strong></span> <span class='ocrx_word' id='word_1_60' title='bbox 810 795 972 822; x_wconf 87' lang='lat' dir='ltr'><strong>sensum</strong></span> <span class='ocrx_word' id='word_1_61' title='bbox 1001 782 1036 821; x_wconf 81' lang='lat' dir='ltr'><strong>si</strong></span> <span class='ocrx_word' id='word_1_62' title='bbox 1065 788 1224 834; x_wconf 83' lang='lat' dir='ltr'><strong>spectas</strong></span> <span class='ocrx_word' id='word_1_63' title='bbox 1253 782 1508 830; x_wconf 75' lang='lat' dir='ltr'><strong>rectissime,¹</strong></span> <span class='ocrx_word' id='word_1_64' title='bbox 1533 794 1607 834; x_wconf 88' lang='lat' dir='ltr'><strong>per</strong></span> <span class='ocrx_word' id='word_1_65' title='bbox 1636 787 1715 819; x_wconf 90' lang='lat' dir='ltr'><strong>tra-</strong></span> 
     </span>
     <span class='ocr_line' id='line_1_9' title="bbox 234 852 1717 905; baseline -0.002 -12"><span class='ocrx_word' id='word_1_66' title='bbox 234 854 338 893; x_wconf 84' lang='lat' dir='ltr'><strong>ditas</strong></span> <span class='ocrx_word' id='word_1_67' title='bbox 378 855 535 902; x_wconf 62' lang='lat' dir='ltr'><strong>litteras</strong></span> <span class='ocrx_word' id='word_1_68' title='bbox 573 867 655 892; x_wconf 89' lang='lat' dir='ltr'><strong>non</strong></span> <span class='ocrx_word' id='word_1_69' title='bbox 693 867 853 905; x_wconf 89' lang='lat' dir='ltr'><strong>prorsus</strong></span> <span class='ocrx_word' id='word_1_70' title='bbox 880 852 1158 905; x_wconf 75' lang='lat' dir='ltr'><strong>probabiliter.</strong></span> <span class='ocrx_word' id='word_1_71' title='bbox 1218 852 1370 892; x_wconf 88' lang='lat' dir='ltr'><strong>Videor</strong></span> <span class='ocrx_word' id='word_1_72' title='bbox 1399 852 1497 891; x_wconf 88' lang='lat' dir='ltr'><strong>mihi</strong></span> <span class='ocrx_word' id='word_1_73' title='bbox 1527 852 1717 891; x_wconf 83' lang='lat' dir='ltr'><strong>evincere</strong></span> 
     </span>
     <span class='ocr_line' id='line_1_10' title="bbox 233 915 1718 977; baseline -0.002 -13"><span class='ocrx_word' id='word_1_74' title='bbox 233 938 355 977; x_wconf 89' lang='lat' dir='ltr'><strong>posse</strong></span> <span class='ocrx_word' id='word_1_75' title='bbox 384 925 426 963; x_wconf 90' lang='lat' dir='ltr'><strong>in</strong></span> <span class='ocrx_word' id='word_1_76' title='bbox 450 925 532 964; x_wconf 90' lang='lat' dir='ltr'><strong>illis</strong></span> <span class='ocrx_word' id='word_1_77' title='bbox 567 927 700 963; x_wconf 84' lang='lat' dir='ltr'><strong>areino</strong></span> <span class='ocrx_word' id='word_1_78' title='bbox 727 927 777 963; x_wconf 83' lang='lat' dir='ltr'><strong>let</strong></span> <span class='ocrx_word' id='word_1_79' title='bbox 802 924 905 963; x_wconf 89' lang='lat' dir='ltr'><strong>nihil</strong></span> <span class='ocrx_word' id='word_1_80' title='bbox 933 923 1063 963; x_wconf 90' lang='lat' dir='ltr'><strong>latere</strong></span> <span class='ocrx_word' id='word_1_81' title='bbox 1093 923 1172 962; x_wconf 86' lang='lat' dir='ltr'><strong>nisi</strong></span> <span class='ocrx_word' id='word_1_82' title='bbox 1206 915 1397 973; x_wconf 76' lang='grc' dir='ltr'><em>ἀκίνητοι.</em></span> <span class='ocrx_word' id='word_1_83' title='bbox 1456 922 1520 962; x_wconf 91' lang='lat' dir='ltr'><strong>Ac</strong></span> <span class='ocrx_word' id='word_1_84' title='bbox 1547 922 1718 975; x_wconf 89' lang='lat' dir='ltr'><strong>primum</strong></span> 
     </span>
     <span class='ocr_line' id='line_1_11' title="bbox 234 993 1719 1048; baseline -0.001 -14"><span class='ocrx_word' id='word_1_85' title='bbox 234 999 295 1034; x_wconf 82' lang='lat' dir='ltr'><strong>rei</strong></span> <span class='ocrx_word' id='word_1_86' title='bbox 323 996 392 1048; x_wconf 88' lang='lat' dir='ltr'><strong>qui</strong></span> <span class='ocrx_word' id='word_1_87' title='bbox 423 996 573 1034; x_wconf 80' lang='lat' dir='ltr'><strong>factum</strong></span> <span class='ocrx_word' id='word_1_88' title='bbox 603 995 655 1034; x_wconf 85' lang='lat' dir='ltr'><strong>sit</strong></span> <span class='ocrx_word' id='word_1_89' title='bbox 686 1007 738 1034; x_wconf 86' lang='lat' dir='ltr'><strong>ex</strong></span> <span class='ocrx_word' id='word_1_90' title='bbox 767 1008 821 1044; x_wconf 83' lang='grc' dir='ltr'><strong>κι,</strong></span> <span class='ocrx_word' id='word_1_91' title='bbox 851 1008 932 1033; x_wconf 92' lang='lat' dir='ltr'><strong>non</strong></span> <span class='ocrx_word' id='word_1_92' title='bbox 957 994 1169 1034; x_wconf 88' lang='lat' dir='ltr'><strong>obscurum</strong></span> <span class='ocrx_word' id='word_1_93' title='bbox 1191 995 1229 1033; x_wconf 91' lang='lat' dir='ltr'><strong>ei</strong></span> <span class='ocrx_word' id='word_1_94' title='bbox 1255 995 1323 1047; x_wconf 88' lang='lat' dir='ltr'><strong>qui</strong></span> <span class='ocrx_word' id='word_1_95' title='bbox 1345 995 1483 1045; x_wconf 84' lang='lat' dir='ltr'><strong>graeci</strong></span> <span class='ocrx_word' id='word_1_96' title='bbox 1504 1007 1528 1031; x_wconf 91' lang='grc' dir='ltr'><em>κ</em></span> <span class='ocrx_word' id='word_1_97' title='bbox 1550 993 1719 1032; x_wconf 88' lang='lat' dir='ltr'><strong>formam</strong></span> 
     </span>
     <span class='ocr_line' id='line_1_12' title="bbox 234 1056 1718 1118; baseline -0.003 -12"><span class='ocrx_word' id='word_1_98' title='bbox 234 1067 448 1118; x_wconf 84' lang='lat' dir='ltr'><strong>respiciat:</strong></span> <span class='ocrx_word' id='word_1_99' title='bbox 491 1065 634 1106; x_wconf 89' lang='lat' dir='ltr'><strong>eadem</strong></span> <span class='ocrx_word' id='word_1_100' title='bbox 667 1066 736 1105; x_wconf 89' lang='lat' dir='ltr'><strong>via</strong></span> <span class='ocrx_word' id='word_1_101' title='bbox 764 1065 869 1105; x_wconf 86' lang='lat' dir='ltr'><strong>infra</strong></span> <span class='ocrx_word' id='word_1_102' title='bbox 900 1079 953 1104; x_wconf 84' lang='lat' dir='ltr'><strong>ex</strong></span> <span class='ocrx_word' id='word_1_103' title='bbox 979 1056 1160 1114; x_wconf 75' lang='grc' dir='ltr'><em>ἀκίνητοι</em></span> <span class='ocrx_word' id='word_1_104' title='bbox 1189 1069 1317 1103; x_wconf 91' lang='lat' dir='ltr'><strong>ortum</strong></span> <span class='ocrx_word' id='word_1_105' title='bbox 1347 1062 1608 1113; x_wconf 72' lang='grc' dir='ltr'><em>ανεκείνητοι,</em></span> <span class='ocrx_word' id='word_1_106' title='bbox 1639 1063 1718 1102; x_wconf 86' lang='lat' dir='ltr'><strong>nisi</strong></span> 
     </span>
     <span class='ocr_line' id='line_1_13' title="bbox 235 1133 1715 1190; baseline -0.003 -14"><span class='ocrx_word' id='word_1_107' title='bbox 235 1137 344 1190; x_wconf 90' lang='lat' dir='ltr'><strong>quod</strong></span> <span class='ocrx_word' id='word_1_108' title='bbox 384 1138 440 1176; x_wconf 93' lang='lat' dir='ltr'><strong>ibi</strong></span> <span class='ocrx_word' id='word_1_109' title='bbox 478 1138 672 1177; x_wconf 89' lang='lat' dir='ltr'><strong>correctio</strong></span> <span class='ocrx_word' id='word_1_110' title='bbox 702 1141 747 1175; x_wconf 89' lang='lat' dir='ltr'><strong>ut</strong></span> <span class='ocrx_word' id='word_1_111' title='bbox 775 1136 821 1175; x_wconf 82' lang='lat' dir='ltr'><strong>fit</strong></span> <span class='ocrx_word' id='word_1_112' title='bbox 848 1150 938 1175; x_wconf 90' lang='lat' dir='ltr'><strong>cum</strong></span> <span class='ocrx_word' id='word_1_113' title='bbox 969 1134 1196 1187; x_wconf 85' lang='lat' dir='ltr'><strong>corruptela</strong></span> <span class='ocrx_word' id='word_1_114' title='bbox 1226 1134 1393 1173; x_wconf 89' lang='lat' dir='ltr'><strong>coaluit:</strong></span> <span class='ocrx_word' id='word_1_115' title='bbox 1435 1147 1514 1178; x_wconf 85' lang='lat' dir='ltr'><strong>nec</strong></span> <span class='ocrx_word' id='word_1_116' title='bbox 1543 1133 1624 1172; x_wconf 86' lang='lat' dir='ltr'><strong>alia</strong></span> <span class='ocrx_word' id='word_1_117' title='bbox 1653 1147 1715 1172; x_wconf 87' lang='lat' dir='ltr'><strong>ra-</strong></span> 
     </span>
     <span class='ocr_line' id='line_1_14' title="bbox 235 1204 1718 1259; baseline -0.003 -13"><span class='ocrx_word' id='word_1_118' title='bbox 235 1208 291 1247; x_wconf 89' lang='lat' dir='ltr'><strong>tio</strong></span> <span class='ocrx_word' id='word_1_119' title='bbox 323 1207 585 1259; x_wconf 88' lang='lat' dir='ltr'><strong>agnoscenda</strong></span> <span class='ocrx_word' id='word_1_120' title='bbox 613 1208 655 1246; x_wconf 90' lang='lat' dir='ltr'><strong>in</strong></span> <span class='ocrx_word' id='word_1_121' title='bbox 686 1221 735 1247; x_wconf 89' lang='lat' dir='ltr'><strong>ea</strong></span> <span class='ocrx_word' id='word_1_122' title='bbox 762 1207 891 1245; x_wconf 86' lang='lat' dir='ltr'><strong>forma</strong></span> <span class='ocrx_word' id='word_1_123' title='bbox 917 1219 1037 1258; x_wconf 89' lang='lat' dir='ltr'><strong>quam</strong></span> <span class='ocrx_word' id='word_1_124' title='bbox 1059 1218 1180 1258; x_wconf 87' lang='lat' dir='ltr'><strong>supra</strong></span> <span class='ocrx_word' id='word_1_125' title='bbox 1209 1204 1327 1255; x_wconf 87' lang='lat' dir='ltr'><strong>tetigi</strong></span> <span class='ocrx_word' id='word_1_126' title='bbox 1356 1206 1480 1252; x_wconf 79' lang='lat' dir='ltr'><strong>ipsam</strong></span> <span class='ocrx_word' id='word_1_127' title='bbox 1509 1206 1718 1242; x_wconf 83' lang='lat' dir='ltr'><strong>marcosioe</strong></span> 
     </span>
     <span class='ocr_line' id='line_1_15' title="bbox 235 1271 1720 1332; baseline -0.003 -16"><span class='ocrx_word' id='word_1_128' title='bbox 235 1292 306 1330; x_wconf 91' lang='lat' dir='ltr'><strong>pro</strong></span> <span class='ocrx_word' id='word_1_129' title='bbox 350 1271 633 1328; x_wconf 85' lang='grc' dir='ltr'><em>ψαμμακόσιοι.</em></span> <span class='ocrx_word' id='word_1_130' title='bbox 700 1278 812 1329; x_wconf 84' lang='lat' dir='ltr'><strong>Ergo</strong></span> <span class='ocrx_word' id='word_1_131' title='bbox 852 1282 1091 1328; x_wconf 88' lang='lat' dir='ltr'><strong>recuperato</strong></span> <span class='ocrx_word' id='word_1_132' title='bbox 1140 1289 1192 1315; x_wconf 85' lang='lat' dir='ltr'><strong>ex</strong></span> <span class='ocrx_word' id='word_1_133' title='bbox 1235 1277 1368 1332; x_wconf 78' lang='lat' dir='ltr'><strong>areino</strong></span> <span class='ocrx_word' id='word_1_134' title='bbox 1402 1287 1553 1326; x_wconf 89' lang='lat' dir='ltr'><strong>graeca</strong></span> <span class='ocrx_word' id='word_1_135' title='bbox 1591 1274 1720 1312; x_wconf 82' lang='lat' dir='ltr'><strong>forma</strong></span> 
     </span>
    </p>
   </div>
   <div class='ocr_carea' id='block_1_3' title="bbox 234 1340 1734 1506">
    <p class='ocr_par' dir='ltr' id='par_1_3' title="bbox 234 1340 1734 1510">
     <span class='ocr_line' id='line_1_16' title="bbox 234 1340 1734 1401; baseline -0.001 -15"><span class='ocrx_word' id='word_1_136' title='bbox 234 1340 371 1396; x_wconf 80' lang='grc' dir='ltr'><em>ἇκινο,</em></span> <span class='ocrx_word' id='word_1_137' title='bbox 413 1348 634 1388; x_wconf 89' lang='lat' dir='ltr'><strong>videndum</strong></span> <span class='ocrx_word' id='word_1_138' title='bbox 674 1347 724 1388; x_wconf 89' lang='lat' dir='ltr'><strong>de</strong></span> <span class='ocrx_word' id='word_1_139' title='bbox 754 1348 937 1401; x_wconf 83' lang='lat' dir='ltr'><strong>proximo</strong></span> <span class='ocrx_word' id='word_1_140' title='bbox 973 1350 1023 1385; x_wconf 83' lang='lat' dir='ltr'><strong>let</strong></span> <span class='ocrx_word' id='word_1_141' title='bbox 1054 1345 1160 1399; x_wconf 90' lang='lat' dir='ltr'><strong>quod</strong></span> <span class='ocrx_word' id='word_1_142' title='bbox 1188 1359 1240 1385; x_wconf 88' lang='lat' dir='ltr'><strong>ex</strong></span> <span class='ocrx_word' id='word_1_143' title='bbox 1269 1346 1346 1384; x_wconf 87' lang='lat' dir='ltr'><strong>hac</strong></span> <span class='ocrx_word' id='word_1_144' title='bbox 1377 1345 1516 1396; x_wconf 89' lang='lat' dir='ltr'><strong>specie</strong></span> <span class='ocrx_word' id='word_1_145' title='bbox 1545 1350 1734 1398; x_wconf 48' lang='lat' dir='ltr'><strong>repetov</strong></span> 
     </span>
     <span class='ocr_line' id='line_1_17' title="bbox 284 1417 1377 1443; baseline -0.006 -1"><span class='ocrx_word' id='word_1_146' title='bbox 284 1417 336 1443; x_wconf 67' lang='lat' dir='ltr'><strong>ree</strong></span> <span class='ocrx_word' id='word_1_147' title='bbox 1374 1432 1377 1435; x_wconf 72' lang='grc'>,</span> 
     </span>
     <span class='ocr_line' id='line_1_18' title="bbox 236 1445 1719 1506; baseline -0.003 -15"><span class='ocrx_word' id='word_1_148' title='bbox 236 1457 368 1492; x_wconf 72' lang='lat' dir='ltr'><strong>aroino</strong></span> <span class='ocrx_word' id='word_1_149' title='bbox 398 1453 438 1506; x_wconf 71' lang='lat' dir='ltr'><strong>b.</strong></span> <span class='ocrx_word' id='word_1_150' title='bbox 462 1466 496 1493; x_wconf 89' lang='lat' dir='ltr'><strong>e.</strong></span> <span class='ocrx_word' id='word_1_151' title='bbox 523 1445 708 1503; x_wconf 72' lang='grc' dir='ltr'><em>ἆκινητοι</em></span> <span class='ocrx_word' id='word_1_152' title='bbox 742 1466 793 1492; x_wconf 89' lang='lat' dir='ltr'><strong>ne</strong></span> <span class='ocrx_word' id='word_1_153' title='bbox 822 1452 899 1491; x_wconf 90' lang='lat' dir='ltr'><strong>hoc</strong></span> <span class='ocrx_word' id='word_1_154' title='bbox 926 1451 1088 1506; x_wconf 91' lang='lat' dir='ltr'><strong>quidem</strong></span> <span class='ocrx_word' id='word_1_155' title='bbox 1118 1451 1205 1504; x_wconf 80' lang='lat' dir='ltr'><strong>sine</strong></span> <span class='ocrx_word' id='word_1_156' title='bbox 1234 1450 1419 1502; x_wconf 85' lang='lat' dir='ltr'><strong>apposito</strong></span> <span class='ocrx_word' id='word_1_157' title='bbox 1450 1462 1502 1489; x_wconf 81' lang='lat' dir='ltr'><strong>ex</strong></span> <span class='ocrx_word' id='word_1_158' title='bbox 1531 1449 1593 1489; x_wconf 85' lang='lat' dir='ltr'><strong>his</strong></span> <span class='ocrx_word' id='word_1_159' title='bbox 1620 1448 1719 1501; x_wconf 85' lang='lat' dir='ltr'><strong>ipsis</strong></span> 
     </span>
    </p>
   </div>
   <div class='ocr_carea' id='block_1_4' title="bbox 236 1522 1725 2917">
    <p class='ocr_par' dir='ltr' id='par_1_4' title="bbox 236 1522 1725 2917">
     <span class='ocr_line' id='line_1_19' title="bbox 236 1522 1718 1584; baseline -0.003 -21"><span class='ocrx_word' id='word_1_160' title='bbox 236 1524 420 1577; x_wconf 90' lang='lat' dir='ltr'><strong>reliquiis</strong></span> <span class='ocrx_word' id='word_1_161' title='bbox 451 1525 652 1577; x_wconf 88' lang='lat' dir='ltr'><strong>exemplo.</strong></span> <span class='ocrx_word' id='word_1_162' title='bbox 682 1524 871 1584; x_wconf 31' lang='lat' dir='ltr'><strong>*Etenim</strong></span> <span class='ocrx_word' id='word_1_163' title='bbox 900 1527 1129 1561; x_wconf 66' lang='lat' dir='ltr'><strong>Aoromxmc</strong></span> <span class='ocrx_word' id='word_1_164' title='bbox 1167 1522 1216 1561; x_wconf 87' lang='lat' dir='ltr'><strong>fr.</strong></span> <span class='ocrx_word' id='word_1_165' title='bbox 1252 1522 1436 1570; x_wconf 88' lang='lat' dir='ltr'><strong>unicum,</strong></span> <span class='ocrx_word' id='word_1_166' title='bbox 1485 1534 1574 1560; x_wconf 93' lang='lat' dir='ltr'><strong>cum</strong></span> <span class='ocrx_word' id='word_1_167' title='bbox 1606 1525 1718 1558; x_wconf 89' lang='lat' dir='ltr'><strong>recte</strong></span> 
     </span>
     <span class='ocr_line' id='line_1_20' title="bbox 238 1589 1718 1647; baseline -0.005 -12"><span class='ocrx_word' id='word_1_168' title='bbox 238 1597 296 1635; x_wconf 87' lang='lat' dir='ltr'><strong>sic</strong></span> <span class='ocrx_word' id='word_1_169' title='bbox 331 1595 528 1635; x_wconf 85' lang='lat' dir='ltr'><strong>scribatur</strong></span> <span class='ocrx_word' id='word_1_170' title='bbox 564 1598 660 1635; x_wconf 77' lang='lat' dir='ltr'><strong>haec</strong></span> <span class='ocrx_word' id='word_1_171' title='bbox 698 1598 892 1645; x_wconf 74' lang='lat' dir='ltr'><strong>laniyeras</strong></span> <span class='ocrx_word' id='word_1_172' title='bbox 931 1607 967 1634; x_wconf 92' lang='lat' dir='ltr'><strong>e.</strong></span> <span class='ocrx_word' id='word_1_173' title='bbox 1008 1608 1047 1647; x_wconf 88' lang='lat' dir='ltr'><strong>q.</strong></span> <span class='ocrx_word' id='word_1_174' title='bbox 1082 1608 1114 1633; x_wconf 88' lang='lat' dir='ltr'><strong>s.</strong></span> <span class='ocrx_word' id='word_1_175' title='bbox 1151 1592 1223 1645; x_wconf 89' lang='lat' dir='ltr'><strong>(cf.</strong></span> <span class='ocrx_word' id='word_1_176' title='bbox 1260 1606 1300 1644; x_wconf 88' lang='lat' dir='ltr'><strong>p.</strong></span> <span class='ocrx_word' id='word_1_177' title='bbox 1340 1590 1402 1643; x_wconf 88' lang='grc'><strong>61)</strong></span> <span class='ocrx_word' id='word_1_178' title='bbox 1444 1589 1718 1629; x_wconf 88' lang='lat' dir='ltr'><strong>memorabilis</strong></span> 
     </span>
     <span class='ocr_line' id='line_1_21' title="bbox 238 1656 1718 1720; baseline -0.005 -14"><span class='ocrx_word' id='word_1_179' title='bbox 238 1668 440 1720; x_wconf 88' lang='lat' dir='ltr'><strong>scriptura</strong></span> <span class='ocrx_word' id='word_1_180' title='bbox 470 1672 530 1705; x_wconf 89' lang='lat' dir='ltr'><strong>est</strong></span> <span class='ocrx_word' id='word_1_181' title='bbox 560 1667 601 1705; x_wconf 89' lang='lat' dir='ltr'><strong>in</strong></span> <span class='ocrx_word' id='word_1_182' title='bbox 622 1666 818 1718; x_wconf 80' lang='lat' dir='ltr'><strong>Leidensi</strong></span> <span class='ocrx_word' id='word_1_183' title='bbox 836 1665 961 1704; x_wconf 88' lang='lat' dir='ltr'><strong>Nonii</strong></span> <span class='ocrx_word' id='word_1_184' title='bbox 979 1678 1019 1716; x_wconf 89' lang='lat' dir='ltr'><strong>p.</strong></span> <span class='ocrx_word' id='word_1_185' title='bbox 1042 1669 1122 1712; x_wconf 79' lang='lat'><strong>182,</strong></span> <span class='ocrx_word' id='word_1_186' title='bbox 1146 1670 1188 1705; x_wconf 89' lang='lat'><strong>16</strong></span> <span class='ocrx_word' id='word_1_187' title='bbox 1217 1666 1348 1710; x_wconf 69' lang='lat' dir='ltr'><strong>Molee,</strong></span> <span class='ocrx_word' id='word_1_188' title='bbox 1375 1656 1484 1701; x_wconf 88' lang='lat' dir='ltr'><strong>unde</strong></span> <span class='ocrx_word' id='word_1_189' title='bbox 1516 1675 1604 1700; x_wconf 90' lang='lat' dir='ltr'><strong>cum</strong></span> <span class='ocrx_word' id='word_1_190' title='bbox 1634 1675 1718 1699; x_wconf 87' lang='lat' dir='ltr'><strong>cor-</strong></span> 
     </span>
     <span class='ocr_line' id='line_1_22' title="bbox 236 1733 1719 1784; baseline -0.006 -7"><span class='ocrx_word' id='word_1_191' title='bbox 236 1744 368 1777; x_wconf 84' lang='lat' dir='ltr'><strong>rector</strong></span> <span class='ocrx_word' id='word_1_192' title='bbox 404 1740 541 1776; x_wconf 75' lang='lat' dir='ltr'><strong>hillaec</strong></span> <span class='ocrx_word' id='word_1_193' title='bbox 571 1737 753 1784; x_wconf 86' lang='lat' dir='ltr'><strong>fecisset,</strong></span> <span class='ocrx_word' id='word_1_194' title='bbox 795 1737 837 1774; x_wconf 93' lang='lat' dir='ltr'><strong>in</strong></span> <span class='ocrx_word' id='word_1_195' title='bbox 867 1734 1060 1774; x_wconf 88' lang='lat' dir='ltr'><strong>Aldinam</strong></span> <span class='ocrx_word' id='word_1_196' title='bbox 1088 1735 1202 1774; x_wconf 90' lang='lat' dir='ltr'><strong>venit</strong></span> <span class='ocrx_word' id='word_1_197' title='bbox 1229 1737 1351 1774; x_wconf 82' lang='lat' dir='ltr'><strong>illaec.</strong></span> <span class='ocrx_word' id='word_1_198' title='bbox 1412 1733 1606 1771; x_wconf 86' lang='lat' dir='ltr'><strong>Attamen</strong></span> <span class='ocrx_word' id='word_1_199' title='bbox 1631 1744 1719 1769; x_wconf 90' lang='lat' dir='ltr'><strong>cum</strong></span> 
     </span>
     <span class='ocr_line' id='line_1_23' title="bbox 236 1803 1720 1858; baseline -0.005 -10"><span class='ocrx_word' id='word_1_200' title='bbox 236 1809 384 1848; x_wconf 89' lang='lat' dir='ltr'><strong>leviter</strong></span> <span class='ocrx_word' id='word_1_201' title='bbox 415 1808 606 1847; x_wconf 89' lang='lat' dir='ltr'><strong>aberrans</strong></span> <span class='ocrx_word' id='word_1_202' title='bbox 635 1806 824 1845; x_wconf 85' lang='lat' dir='ltr'><strong>librarius</strong></span> <span class='ocrx_word' id='word_1_203' title='bbox 853 1820 927 1858; x_wconf 90' lang='lat' dir='ltr'><strong>pro</strong></span> <span class='ocrx_word' id='word_1_204' title='bbox 958 1808 1054 1844; x_wconf 76' lang='lat' dir='ltr'><strong>haec</strong></span> <span class='ocrx_word' id='word_1_205' title='bbox 1085 1805 1311 1856; x_wconf 85' lang='lat' dir='ltr'><strong>scripsisset</strong></span> <span class='ocrx_word' id='word_1_206' title='bbox 1340 1806 1419 1851; x_wconf 78' lang='lat' dir='ltr'><strong>hic,</strong></span> <span class='ocrx_word' id='word_1_207' title='bbox 1453 1803 1628 1842; x_wconf 86' lang='lat' dir='ltr'><strong>correxit</strong></span> <span class='ocrx_word' id='word_1_208' title='bbox 1656 1815 1720 1841; x_wconf 87' lang='lat' dir='ltr'><strong>su-</strong></span> 
     </span>
     <span class='ocr_line' id='line_1_24' title="bbox 236 1873 1722 1932; baseline -0.005 -13"><span class='ocrx_word' id='word_1_209' title='bbox 236 1879 443 1932; x_wconf 89' lang='lat' dir='ltr'><strong>perposito</strong></span> <span class='ocrx_word' id='word_1_210' title='bbox 478 1881 559 1917; x_wconf 87' lang='lat' dir='ltr'><strong>l&#39;ee.</strong></span> <span class='ocrx_word' id='word_1_211' title='bbox 623 1876 794 1915; x_wconf 86' lang='lat' dir='ltr'><strong>Praesto</strong></span> <span class='ocrx_word' id='word_1_212' title='bbox 837 1882 930 1915; x_wconf 87' lang='lat' dir='ltr'><strong>sunt</strong></span> <span class='ocrx_word' id='word_1_213' title='bbox 971 1876 1053 1914; x_wconf 89' lang='lat' dir='ltr'><strong>alia</strong></span> <span class='ocrx_word' id='word_1_214' title='bbox 1099 1875 1279 1914; x_wconf 89' lang='lat' dir='ltr'><strong>eiusdem</strong></span> <span class='ocrx_word' id='word_1_215' title='bbox 1319 1875 1480 1926; x_wconf 89' lang='lat' dir='ltr'><strong>generis</strong></span> <span class='ocrx_word' id='word_1_216' title='bbox 1522 1873 1722 1926; x_wconf 83' lang='lat' dir='ltr'><strong>exempla,</strong></span> 
     </span>
     <span class='ocr_line' id='line_1_25' title="bbox 239 1943 1723 2003; baseline -0.005 -14"><span class='ocrx_word' id='word_1_217' title='bbox 239 1963 344 2003; x_wconf 87' lang='lat' dir='ltr'><strong>quae</strong></span> <span class='ocrx_word' id='word_1_218' title='bbox 379 1963 487 1988; x_wconf 89' lang='lat' dir='ltr'><strong>nunc</strong></span> <span class='ocrx_word' id='word_1_219' title='bbox 524 1962 606 1988; x_wconf 90' lang='lat' dir='ltr'><strong>non</strong></span> <span class='ocrx_word' id='word_1_220' title='bbox 642 1960 877 2000; x_wconf 89' lang='lat' dir='ltr'><strong>persequor.</strong></span> <span class='ocrx_word' id='word_1_221' title='bbox 930 1947 1138 1998; x_wconf 72' lang='lat' dir='ltr'><strong>Reparata</strong></span> <span class='ocrx_word' id='word_1_222' title='bbox 1165 1951 1279 1998; x_wconf 86' lang='lat' dir='ltr'><strong>parte</strong></span> <span class='ocrx_word' id='word_1_223' title='bbox 1303 1944 1525 1998; x_wconf 83' lang='lat' dir='ltr'><strong>posteriore</strong></span> <span class='ocrx_word' id='word_1_224' title='bbox 1555 1943 1723 1982; x_wconf 89' lang='lat' dir='ltr'><strong>monstri</strong></span> 
     </span>
     <span class='ocr_line' id='line_1_26' title="bbox 238 2014 1722 2070; baseline -0.005 -11"><span class='ocrx_word' id='word_1_225' title='bbox 238 2020 348 2059; x_wconf 88' lang='lat' dir='ltr'><strong>illius</strong></span> <span class='ocrx_word' id='word_1_226' title='bbox 390 2021 617 2070; x_wconf 76' lang='lat' dir='ltr'><strong>efynareino</strong></span> <span class='ocrx_word' id='word_1_227' title='bbox 647 2022 715 2068; x_wconf 85' lang='lat' dir='ltr'><strong>let,</strong></span> <span class='ocrx_word' id='word_1_228' title='bbox 753 2032 805 2057; x_wconf 87' lang='lat' dir='ltr'><strong>ne</strong></span> <span class='ocrx_word' id='word_1_229' title='bbox 833 2018 942 2070; x_wconf 85' lang='lat' dir='ltr'><strong>prior</strong></span> <span class='ocrx_word' id='word_1_230' title='bbox 970 2016 1132 2070; x_wconf 78' lang='lat' dir='ltr'><strong>quidem</strong></span> <span class='ocrx_word' id='word_1_231' title='bbox 1159 2016 1366 2055; x_wconf 90' lang='lat' dir='ltr'><strong>domitioni</strong></span> <span class='ocrx_word' id='word_1_232' title='bbox 1391 2014 1630 2054; x_wconf 86' lang='lat' dir='ltr'><strong>obstinatius</strong></span> <span class='ocrx_word' id='word_1_233' title='bbox 1658 2027 1722 2052; x_wconf 89' lang='lat' dir='ltr'><strong>re·</strong></span> 
     </span>
     <span class='ocr_line' id='line_1_27' title="bbox 240 2074 1723 2143; baseline -0.005 -13"><span class='ocrx_word' id='word_1_234' title='bbox 240 2093 375 2130; x_wconf 88' lang='lat' dir='ltr'><strong>sistet:</strong></span> <span class='ocrx_word' id='word_1_235' title='bbox 413 2092 455 2129; x_wconf 90' lang='lat' dir='ltr'><strong>in</strong></span> <span class='ocrx_word' id='word_1_236' title='bbox 497 2104 576 2143; x_wconf 87' lang='lat' dir='ltr'><strong>qua</strong></span> <span class='ocrx_word' id='word_1_237' title='bbox 615 2102 724 2128; x_wconf 91' lang='lat' dir='ltr'><strong>mere</strong></span> <span class='ocrx_word' id='word_1_238' title='bbox 762 2074 921 2140; x_wconf 78' lang='lat' dir='ltr'><strong>graecis</strong></span> <span class='ocrx_word' id='word_1_239' title='bbox 958 2088 1104 2126; x_wconf 87' lang='lat' dir='ltr'><strong>litteris</strong></span> <span class='ocrx_word' id='word_1_240' title='bbox 1133 2100 1238 2138; x_wconf 84' lang='lat' dir='ltr'><strong>quae</strong></span> <span class='ocrx_word' id='word_1_241' title='bbox 1269 2086 1396 2125; x_wconf 88' lang='lat' dir='ltr'><strong>latine</strong></span> <span class='ocrx_word' id='word_1_242' title='bbox 1426 2091 1594 2125; x_wconf 83' lang='lat' dir='ltr'><strong>exarata</strong></span> <span class='ocrx_word' id='word_1_243' title='bbox 1631 2090 1723 2125; x_wconf 88' lang='lat' dir='ltr'><strong>sunt</strong></span> 
     </span>
     <span class='ocr_line' id='line_1_28' title="bbox 238 2149 1724 2214; baseline -0.005 -13"><span class='ocrx_word' id='word_1_244' title='bbox 238 2161 432 2201; x_wconf 86' lang='lat' dir='ltr'><strong>scribenti</strong></span> <span class='ocrx_word' id='word_1_245' title='bbox 459 2161 500 2199; x_wconf 91' lang='lat' dir='ltr'><strong>id</strong></span> <span class='ocrx_word' id='word_1_246' title='bbox 530 2160 639 2214; x_wconf 85' lang='lat' dir='ltr'><strong>quod</strong></span> <span class='ocrx_word' id='word_1_247' title='bbox 669 2174 807 2199; x_wconf 90' lang='lat' dir='ltr'><strong>verum</strong></span> <span class='ocrx_word' id='word_1_248' title='bbox 836 2165 895 2199; x_wconf 88' lang='lat' dir='ltr'><strong>est</strong></span> <span class='ocrx_word' id='word_1_249' title='bbox 922 2164 1109 2211; x_wconf 87' lang='lat' dir='ltr'><strong>apparet:</strong></span> <span class='ocrx_word' id='word_1_250' title='bbox 1144 2156 1246 2208; x_wconf 75' lang='grc' dir='ltr'><em>ἔφυν</em></span> <span class='ocrx_word' id='word_1_251' title='bbox 1274 2149 1472 2214; x_wconf 73' lang='grc' dir='ltr'><em>ἆκίνητοιε</em></span> <span class='ocrx_word' id='word_1_252' title='bbox 1511 2155 1653 2195; x_wconf 81' lang='lat' dir='ltr'><strong>eadem</strong></span> <span class='ocrx_word' id='word_1_253' title='bbox 1681 2156 1724 2194; x_wconf 90' lang='lat' dir='ltr'><strong>vi</strong></span> 
     </span>
     <span class='ocr_line' id='line_1_29' title="bbox 240 2223 1724 2285; baseline -0.005 -14"><span class='ocrx_word' id='word_1_254' title='bbox 240 2246 322 2285; x_wconf 87' lang='lat' dir='ltr'><strong>qua</strong></span> <span class='ocrx_word' id='word_1_255' title='bbox 356 2232 519 2271; x_wconf 88' lang='lat' dir='ltr'><strong>Hertzii</strong></span> <span class='ocrx_word' id='word_1_256' title='bbox 550 2231 652 2270; x_wconf 90' lang='lat' dir='ltr'><strong>illud</strong></span> <span class='ocrx_word' id='word_1_257' title='bbox 692 2225 814 2280; x_wconf 82' lang='grc' dir='ltr'><em>φύσιν</em></span> <span class='ocrx_word' id='word_1_258' title='bbox 847 2223 1028 2280; x_wconf 82' lang='grc' dir='ltr'><em>ἆκίνητα;</em></span> <span class='ocrx_word' id='word_1_259' title='bbox 1084 2230 1150 2268; x_wconf 92' lang='lat' dir='ltr'><strong>De</strong></span> <span class='ocrx_word' id='word_1_260' title='bbox 1182 2229 1309 2268; x_wconf 88' lang='lat' dir='ltr'><strong>forma</strong></span> <span class='ocrx_word' id='word_1_261' title='bbox 1341 2242 1387 2267; x_wconf 87' lang='lat' dir='ltr'><strong>ac</strong></span> <span class='ocrx_word' id='word_1_262' title='bbox 1414 2227 1578 2266; x_wconf 90' lang='lat' dir='ltr'><strong>notione</strong></span> <span class='ocrx_word' id='word_1_263' title='bbox 1610 2223 1724 2265; x_wconf 88' lang='lat' dir='ltr'><strong>verbi</strong></span> 
     </span>
     <span class='ocr_line' id='line_1_30' title="bbox 242 2297 1722 2354; baseline -0.005 -12"><span class='ocrx_word' id='word_1_264' title='bbox 242 2302 343 2354; x_wconf 72' lang='grc' dir='ltr'><em>ἔφυν</em></span> <span class='ocrx_word' id='word_1_265' title='bbox 371 2308 468 2342; x_wconf 88' lang='lat' dir='ltr'><strong>nota</strong></span> <span class='ocrx_word' id='word_1_266' title='bbox 497 2316 563 2342; x_wconf 89' lang='lat' dir='ltr'><strong>res</strong></span> <span class='ocrx_word' id='word_1_267' title='bbox 593 2308 665 2341; x_wconf 88' lang='lat' dir='ltr'><strong>est.</strong></span> <span class='ocrx_word' id='word_1_268' title='bbox 708 2303 826 2354; x_wconf 74' lang='lat' dir='ltr'><strong>Quae</strong></span> <span class='ocrx_word' id='word_1_269' title='bbox 857 2302 892 2340; x_wconf 90' lang='lat' dir='ltr'><strong>si</strong></span> <span class='ocrx_word' id='word_1_270' title='bbox 920 2315 1001 2340; x_wconf 93' lang='lat' dir='ltr'><strong>non</strong></span> <span class='ocrx_word' id='word_1_271' title='bbox 1030 2300 1350 2352; x_wconf 83' lang='lat' dir='ltr'><strong>improbabiliter</strong></span> <span class='ocrx_word' id='word_1_272' title='bbox 1382 2298 1598 2351; x_wconf 82' lang='lat' dir='ltr'><strong>disputavi,</strong></span> <span class='ocrx_word' id='word_1_273' title='bbox 1629 2297 1722 2335; x_wconf 89' lang='lat' dir='ltr'><strong>ilico</strong></span> 
     </span>
     <span class='ocr_line' id='line_1_31' title="bbox 241 2367 1724 2424; baseline -0.005 -12"><span class='ocrx_word' id='word_1_274' title='bbox 241 2373 621 2424; x_wconf 86' lang='lat' dir='ltr'><strong>interpolamentum</strong></span> <span class='ocrx_word' id='word_1_275' title='bbox 658 2373 836 2423; x_wconf 83' lang='lat' dir='ltr'><strong>arguitur</strong></span> <span class='ocrx_word' id='word_1_276' title='bbox 876 2370 978 2409; x_wconf 89' lang='lat' dir='ltr'><strong>illud</strong></span> <span class='ocrx_word' id='word_1_277' title='bbox 1007 2377 1097 2409; x_wconf 80' lang='lat' dir='ltr'><strong>sunt</strong></span> <span class='ocrx_word' id='word_1_278' title='bbox 1126 2373 1229 2420; x_wconf 66' lang='lat' dir='ltr'><strong>liqna</strong></span> <span class='ocrx_word' id='word_1_279' title='bbox 1261 2369 1313 2409; x_wconf 86' lang='lat' dir='ltr'><strong>ad</strong></span> <span class='ocrx_word' id='word_1_280' title='bbox 1341 2373 1513 2419; x_wconf 78' lang='lat' dir='ltr'><strong>perticae</strong></span> <span class='ocrx_word' id='word_1_281' title='bbox 1545 2367 1724 2419; x_wconf 87' lang='lat' dir='ltr'><strong>adscrip-</strong></span> 
     </span>
     <span class='ocr_line' id='line_1_32' title="bbox 239 2421 1724 2494; baseline -0.005 -12"><span class='ocrx_word' id='word_1_282' title='bbox 239 2450 342 2482; x_wconf 86' lang='lat' dir='ltr'><strong>tum:</strong></span> <span class='ocrx_word' id='word_1_283' title='bbox 379 2443 551 2482; x_wconf 87' lang='lat' dir='ltr'><strong>fortasse</strong></span> <span class='ocrx_word' id='word_1_284' title='bbox 582 2443 632 2480; x_wconf 88' lang='lat' dir='ltr'><strong>ab</strong></span> <span class='ocrx_word' id='word_1_285' title='bbox 665 2441 826 2491; x_wconf 84' lang='lat' dir='ltr'><strong>eodem,</strong></span> <span class='ocrx_word' id='word_1_286' title='bbox 867 2442 937 2494; x_wconf 89' lang='lat' dir='ltr'><strong>qui</strong></span> <span class='ocrx_word' id='word_1_287' title='bbox 968 2442 1010 2479; x_wconf 91' lang='lat' dir='ltr'><strong>in</strong></span> <span class='ocrx_word' id='word_1_288' title='bbox 1039 2442 1169 2492; x_wconf 89' lang='lat' dir='ltr'><strong>ipsum</strong></span> <span class='ocrx_word' id='word_1_289' title='bbox 1192 2441 1352 2478; x_wconf 89' lang='lat' dir='ltr'><strong>titulum</strong></span> <span class='ocrx_word' id='word_1_290' title='bbox 1380 2439 1515 2478; x_wconf 86' lang='lat' dir='ltr'><strong>intulit</strong></span> <span class='ocrx_word' id='word_1_291' title='bbox 1543 2421 1724 2490; x_wconf 78' lang='lat' dir='ltr'><strong>ineptum</strong></span> 
     </span>
     <span class='ocr_line' id='line_1_33' title="bbox 239 2496 1723 2564; baseline -0.005 -12"><span class='ocrx_word' id='word_1_292' title='bbox 239 2525 390 2564; x_wconf 72' lang='lat' dir='ltr'><strong>yraece.</strong></span> <span class='ocrx_word' id='word_1_293' title='bbox 440 2513 586 2564; x_wconf 84' lang='lat' dir='ltr'><strong>Itaque</strong></span> <span class='ocrx_word' id='word_1_294' title='bbox 615 2526 722 2551; x_wconf 92' lang='lat' dir='ltr'><strong>nunc</strong></span> <span class='ocrx_word' id='word_1_295' title='bbox 751 2512 829 2550; x_wconf 89' lang='lat' dir='ltr'><strong>hac</strong></span> <span class='ocrx_word' id='word_1_296' title='bbox 859 2513 985 2550; x_wconf 87' lang='lat' dir='ltr'><strong>forma</strong></span> <span class='ocrx_word' id='word_1_297' title='bbox 1013 2512 1124 2563; x_wconf 88' lang='lat' dir='ltr'><strong>prius</strong></span> <span class='ocrx_word' id='word_1_298' title='bbox 1156 2496 1353 2549; x_wconf 83' lang='lat' dir='ltr'><strong>enuntiati</strong></span> <span class='ocrx_word' id='word_1_299' title='bbox 1385 2508 1605 2548; x_wconf 85' lang='lat' dir='ltr'><strong>membrum</strong></span> <span class='ocrx_word' id='word_1_300' title='bbox 1631 2520 1723 2560; x_wconf 85' lang='lat' dir='ltr'><strong>pro-</strong></span> 
     </span>
     <span class='ocr_line' id='line_1_34' title="bbox 243 2577 1725 2634; baseline -0.004 -11"><span class='ocrx_word' id='word_1_301' title='bbox 243 2585 323 2623; x_wconf 89' lang='lat' dir='ltr'><strong>dit:</strong></span> <span class='ocrx_word' id='word_1_302' title='bbox 380 2587 426 2624; x_wconf 85' lang='lat' dir='ltr'><strong>Ut</strong></span> <span class='ocrx_word' id='word_1_303' title='bbox 459 2586 689 2634; x_wconf 72' lang='lat' dir='ltr'><strong>yrallatores</strong></span> <span class='ocrx_word' id='word_1_304' title='bbox 726 2585 811 2631; x_wconf 82' lang='lat' dir='ltr'><strong>quis</strong></span> <span class='ocrx_word' id='word_1_305' title='bbox 844 2584 1077 2632; x_wconf 74' lang='lat' dir='ltr'><strong>yradiuntur</strong></span> <span class='ocrx_word' id='word_1_306' title='bbox 1109 2584 1282 2630; x_wconf 78' lang='lat' dir='ltr'><strong>perticae</strong></span> <span class='ocrx_word' id='word_1_307' title='bbox 1321 2580 1428 2631; x_wconf 81' lang='lat' dir='ltr'><strong>[sunt</strong></span> <span class='ocrx_word' id='word_1_308' title='bbox 1463 2579 1583 2631; x_wconf 69' lang='lat' dir='ltr'><strong>liqna]</strong></span> <span class='ocrx_word' id='word_1_309' title='bbox 1624 2577 1725 2629; x_wconf 76' lang='grc' dir='ltr'><em>ἔφυν</em></span> 
     </span>
     <span class='ocr_line' id='line_1_35' title="bbox 241 2648 1723 2704; baseline -0.003 -11"><span class='ocrx_word' id='word_1_310' title='bbox 241 2648 442 2704; x_wconf 78' lang='grc' dir='ltr'><em>ἀκίνητοι,</em></span> <span class='ocrx_word' id='word_1_311' title='bbox 482 2660 540 2693; x_wconf 81' lang='lat' dir='ltr'><strong>set</strong></span> <span class='ocrx_word' id='word_1_312' title='bbox 570 2656 616 2691; x_wconf 83' lang='lat' dir='ltr'><strong>ab</strong></span> <span class='ocrx_word' id='word_1_313' title='bbox 653 2655 801 2691; x_wconf 77' lang='lat' dir='ltr'><strong>homine</strong></span> <span class='ocrx_word' id='word_1_314' title='bbox 831 2665 873 2692; x_wconf 90' lang='lat' dir='ltr'><strong>eo</strong></span> <span class='ocrx_word' id='word_1_315' title='bbox 905 2655 972 2702; x_wconf 79' lang='lat' dir='ltr'><strong>qui</strong></span> <span class='ocrx_word' id='word_1_316' title='bbox 1000 2655 1116 2690; x_wconf 78' lang='lat' dir='ltr'><strong>instat</strong></span> <span class='ocrx_word' id='word_1_317' title='bbox 1153 2654 1360 2700; x_wconf 63' lang='lat' dir='ltr'><strong>imitantur.</strong></span> <span class='ocrx_word' id='word_1_318' title='bbox 1409 2657 1485 2698; x_wconf 82' lang='lat' dir='ltr'><strong>set,</strong></span> <span class='ocrx_word' id='word_1_319' title='bbox 1517 2650 1625 2703; x_wconf 90' lang='lat' dir='ltr'><strong>quod</strong></span> <span class='ocrx_word' id='word_1_320' title='bbox 1654 2663 1723 2689; x_wconf 84' lang='lat' dir='ltr'><strong>ne-</strong></span> 
     </span>
     <span class='ocr_line' id='line_1_36' title="bbox 246 2719 1724 2775; baseline -0.005 -10"><span class='ocrx_word' id='word_1_321' title='bbox 246 2727 412 2765; x_wconf 88' lang='lat' dir='ltr'><strong>cessitas</strong></span> <span class='ocrx_word' id='word_1_322' title='bbox 453 2725 679 2764; x_wconf 81' lang='lat' dir='ltr'><strong>sententiae</strong></span> <span class='ocrx_word' id='word_1_323' title='bbox 719 2724 908 2775; x_wconf 85' lang='lat' dir='ltr'><strong>requirit,</strong></span> <span class='ocrx_word' id='word_1_324' title='bbox 933 2768 935 2775; x_wconf 44' lang='grc'><strong>,</strong></span> <span class='ocrx_word' id='word_1_325' title='bbox 956 2723 1123 2761; x_wconf 81' lang='lat' dir='ltr'><strong>extrivit</strong></span> <span class='ocrx_word' id='word_1_326' title='bbox 1161 2720 1268 2759; x_wconf 89' lang='lat' dir='ltr'><strong>haud</strong></span> <span class='ocrx_word' id='word_1_327' title='bbox 1310 2720 1431 2759; x_wconf 89' lang='lat' dir='ltr'><strong>dubie</strong></span> <span class='ocrx_word' id='word_1_328' title='bbox 1469 2724 1519 2759; x_wconf 86' lang='lat' dir='ltr'><strong>let</strong></span> <span class='ocrx_word' id='word_1_329' title='bbox 1554 2719 1724 2774; x_wconf 82' lang='lat' dir='ltr'><strong>syllaba,</strong></span> 
     </span>
     <span class='ocr_line' id='line_1_37' title="bbox 245 2790 1723 2849; baseline -0.005 -14"><span class='ocrx_word' id='word_1_330' title='bbox 245 2797 295 2836; x_wconf 91' lang='lat' dir='ltr'><strong>de</strong></span> <span class='ocrx_word' id='word_1_331' title='bbox 325 2811 406 2849; x_wconf 89' lang='lat' dir='ltr'><strong>qua</strong></span> <span class='ocrx_word' id='word_1_332' title='bbox 435 2796 533 2835; x_wconf 86' lang='lat' dir='ltr'><strong>dixi.</strong></span> <span class='ocrx_word' id='word_1_333' title='bbox 588 2797 720 2833; x_wconf 80' lang='lat' dir='ltr'><strong>inistat</strong></span> <span class='ocrx_word' id='word_1_334' title='bbox 748 2799 883 2843; x_wconf 87' lang='lat' dir='ltr'><strong>autem</strong></span> <span class='ocrx_word' id='word_1_335' title='bbox 913 2792 1022 2846; x_wconf 90' lang='lat' dir='ltr'><strong>quod</strong></span> <span class='ocrx_word' id='word_1_336' title='bbox 1050 2793 1092 2831; x_wconf 91' lang='lat' dir='ltr'><strong>in</strong></span> <span class='ocrx_word' id='word_1_337' title='bbox 1123 2791 1329 2830; x_wconf 89' lang='lat' dir='ltr'><strong>codicibus</strong></span> <span class='ocrx_word' id='word_1_338' title='bbox 1360 2791 1566 2839; x_wconf 88' lang='lat' dir='ltr'><strong>scribitur,</strong></span> <span class='ocrx_word' id='word_1_339' title='bbox 1605 2790 1646 2827; x_wconf 95' lang='lat' dir='ltr'><strong>in</strong></span> <span class='ocrx_word' id='word_1_340' title='bbox 1676 2803 1723 2827; x_wconf 90' lang='lat' dir='ltr'><strong>eo</strong></span> 
     </span>
     <span class='ocr_line' id='line_1_38' title="bbox 242 2861 1723 2917; baseline -0.005 -12"><span class='ocrx_word' id='word_1_341' title='bbox 242 2880 322 2905; x_wconf 91' lang='lat' dir='ltr'><strong>non</strong></span> <span class='ocrx_word' id='word_1_342' title='bbox 350 2867 451 2905; x_wconf 87' lang='lat' dir='ltr'><strong>latet</strong></span> <span class='ocrx_word' id='word_1_343' title='bbox 477 2869 516 2904; x_wconf 78' lang='lat' dir='ltr'><strong>in</strong></span> <span class='ocrx_word' id='word_1_344' title='bbox 546 2869 593 2904; x_wconf 86' lang='lat' dir='ltr'><strong>iis</strong></span> <span class='ocrx_word' id='word_1_345' title='bbox 618 2871 704 2911; x_wconf 83' lang='lat' dir='ltr'><strong>stat,</strong></span> <span class='ocrx_word' id='word_1_346' title='bbox 734 2864 842 2917; x_wconf 89' lang='lat' dir='ltr'><strong>quod</strong></span> <span class='ocrx_word' id='word_1_347' title='bbox 871 2870 961 2917; x_wconf 84' lang='lat' dir='ltr'><strong>post</strong></span> <span class='ocrx_word' id='word_1_348' title='bbox 990 2865 1191 2902; x_wconf 75' lang='lat' dir='ltr'><strong>Mul-etum</strong></span> <span class='ocrx_word' id='word_1_349' title='bbox 1223 2868 1261 2902; x_wconf 87' lang='lat' dir='ltr'><strong>ct</strong></span> <span class='ocrx_word' id='word_1_350' title='bbox 1293 2863 1392 2901; x_wconf 88' lang='lat' dir='ltr'><strong>alios</strong></span> <span class='ocrx_word' id='word_1_351' title='bbox 1423 2861 1624 2901; x_wconf 87' lang='lat' dir='ltr'><strong>Oehlerus</strong></span> <span class='ocrx_word' id='word_1_352' title='bbox 1653 2874 1723 2899; x_wconf 83' lang='lat' dir='ltr'><strong>ex-</strong></span> 
     </span>
    </p>
   </div>
  </div>
 </body>
</html>
