1898 3236
753 265 1097 299 communest.
1622 258 1672 299 19

392 375 473 411 Tua
504 375 643 421 templa
674 374 726 410 ad
753 374 832 411 alta
859 373 952 422 fani
973 383 1198 422 properans
1225 374 1325 410 citus
1351 375 1447 410 itere

184 473 293 526 apud
320 474 497 513 Nonium
527 488 567 527 p.
598 480 686 522 485,
719 479 756 515 9.

387 577 552 625 Fryqios
575 586 652 624 per
677 565 763 613 ossa
792 586 936 613 cornus
964 576 1108 623 liquida
1136 577 1241 613 canit
1268 578 1411 614 'animm

184 665 252 705 Sic
293 666 399 704 enim
434 667 588 715 fryqios
615 677 765 716 graeca
794 664 905 703 finali
936 663 1068 703 scribo
1094 664 1277 704 Nonium
1306 672 1489 716 secutus,
1533 668 1601 720 qui
1630 681 1670 720 p.

183 743 271 784 233,
306 742 347 776 12
376 739 542 785 Fryqios
575 748 651 785 per
765 764 773 772 .
803 737 911 772 canit
945 739 986 773 et
1021 748 1062 787 p.
1087 740 1176 782 334,
1218 742 1260 777 13
1297 738 1440 786 Friyus
1471 750 1548 786 per
1581 770 1588 776 .
1621 770 1629 776 .
1664 770 1670 776 .

183 809 312 845 anima
341 805 478 846 tradit.
527 806 591 846 Of.
612 804 860 845 Bitschelius
891 817 986 845 nov.
1011 817 1114 846 mus.
1136 806 1268 846 Rhen.
1292 807 1358 847 IX
1383 822 1423 860 p.
1448 814 1500 850 17.
1551 809 1673 862 Quod

184 891 274 916 cum
304 877 374 916 illo
406 877 524 916 trium
554 890 745 916 versuum
773 876 1044 926 fragmentum
1069 875 1331 916 Hermannus
1362 879 1581 931 copularit,
1613 887 1671 918 at-

181 949 335 999 tingam
369 949 490 988 infra.
556 949 650 987 Non
695 948 826 986 minus
866 952 978 986 certa
1014 948 1208 987 memoria
1246 949 1281 988 is
1315 948 1556 1000 galliambus
1597 955 1672 998 est,

183 1033 302 1072 quem
328 1018 558 1058 Meinekius
587 1018 740 1070 primus
769 1019 954 1069 agnovit:

384 1122 544 1170 Spatale
573 1121 733 1158 eviravit
763 1123 884 1158 omnis
912 1122 1141 1170 venerivaya
1167 1132 1323 1169 pueros.

182 1223 299 1262 Haec
329 1228 441 1271 sunt,
475 1235 581 1274 quae
610 1221 837 1260 certissima
867 1220 1064 1260 habeam:
1108 1222 1217 1261 unde
1247 1230 1417 1275 apparet
1445 1225 1671 1264 Varronem

183 1298 224 1330 et
249 1292 490 1332 observasse
522 1306 666 1332 severe
698 1306 908 1332 caesuram
936 1297 976 1330 et
1000 1293 1042 1330 in
1068 1293 1203 1345 priore
1228 1306 1371 1332 versus
1395 1301 1534 1347 parte,
1566 1309 1672 1348 quae

183 1369 245 1402 est
281 1369 375 1402 ante
415 1376 648 1412 caesuram,
688 1378 769 1403 una
798 1364 930 1403 forma
963 1376 1080 1402 usum
1117 1377 1208 1402 esse
1240 1377 1310 1413 ea,
1359 1379 1439 1418 qua
1473 1375 1673 1418 paeonem

182 1434 345 1472 tertium
393 1435 571 1486 excipiat
615 1435 902 1473 anaclomenos
940 1458 964 1469 ν
988 1457 1012 1468 υ
1036 1439 1068 1466 -έ
1090 1459 1113 1469 υ
1136 1463 1167 1469 -
1190 1459 1213 1470 υ
1235 1463 1265 1470 -
1296 1464 1334 1482 -,
1398 1438 1543 1476 Altera
1577 1451 1673 1490 pars

181 1518 346 1553 versus,
386 1518 491 1557 quae
522 1510 584 1544 est
615 1504 875 1553 catalectica,
912 1504 1114 1558 prioribus
1145 1506 1301 1547 duobus
1334 1508 1531 1560 exemplis
1559 1521 1672 1560 pror-

183 1590 251 1615 sus
290 1589 455 1628 compar
490 1581 552 1614 est
589 1576 666 1623 ita,
712 1581 757 1614 ut
789 1566 988 1629 paeonem
1024 1578 1188 1616 tertium
1225 1579 1428 1618 anaclasis
1464 1585 1671 1631 sequatur,

183 1647 264 1685 arsi
293 1647 336 1685 in
367 1646 467 1685 duas
492 1647 638 1686 breves
668 1647 824 1686 soluta:
859 1671 884 1683 υ
906 1672 930 1683 υ
953 1652 1029 1682 ἐν
1053 1651 1104 1683 ἄν
1125 1671 1149 1682 υ
1173 1669 1219 1691 —:
1254 1663 1335 1702 qua
1356 1649 1521 1703 quidem
1542 1651 1696 1690 forma.

180 1718 333 1757 nullam
359 1718 614 1770 frequentius
638 1716 823 1757 Catullus
854 1717 1052 1759 adhibuit.
1111 1718 1252 1758 Tertio
1280 1733 1403 1759 versu
1429 1734 1519 1759 cum
1540 1721 1671 1761 Varro

182 1788 406 1828 abstineret
434 1787 635 1836 anaclasi,
673 1788 796 1827 solvit
836 1802 926 1828 eam
964 1802 1069 1842 quae
1097 1790 1310 1842 praecedit
1348 1792 1493 1831 arsim:
1531 1816 1555 1827 υ
1576 1817 1600 1827 0
1623 1797 1674 1828 2¹..
1722 1788 1731 1795 ‘

180 1884 203 1894 ..
226 1884 249 1894 ψ
270 1885 296 1897 ⁹
320 1886 361 1904 -‚
427 1858 502 1898 Cui
540 1858 671 1898 simile
711 1859 786 1899 sed
824 1874 907 1899 11011
948 1874 1113 1914 compar
1149 1867 1212 1901 est
1249 1862 1480 1915 exemplum
1521 1863 1673 1903 Catulli

179 1931 328 1970 LXIII
361 1938 406 1973 91
447 1933 519 1969 dea
557 1933 710 1970 domina
751 1932 935 1981 Dindymi
979 1945 1003 1970 a
1040 1932 1177 1971 Nakio
1223 1933 1264 1971 in
1307 1933 1472 1973 schedis
1521 1936 1672 1975 criticis

183 2000 296 2053 (vide
328 2000 614 2053 opusculorum
642 2002 664 2040 I
690 2015 730 2054 p.
760 2001 824 2054 36)
855 2002 1126 2053 vindicatum,
1167 2003 1276 2056 quod
1307 2004 1479 2044 eandem
1509 2006 1674 2059 quidem

181 2072 423 2118 solutionem
461 2072 564 2110 arsis
604 2071 678 2111 sed
702 2079 900 2125 sequente
931 2073 1113 2113 anaclasi
1141 2074 1327 2127 praebet.
1385 2075 1475 2114 Nec
1505 2077 1590 2115 scio
1622 2090 1674 2115 an

179 2144 305 2183 liceat
331 2143 426 2181 huic
441 2143 695 2183 Varroniano
726 2143 898 2184 eandem
922 2147 1028 2197 quae
1052 2145 1326 2198 superioribus
1352 2146 1523 2185 formam
1542 2153 1671 2186 trans-

179 2213 367 2267 ponendo
395 2213 617 2264 refingere:
643 2226 791 2263 pueros
815 2219 1056 2265 venerivaya.
1117 2216 1186 2254 Ad
1210 2215 1315 2254 118110
1342 2216 1465 2266 igitur
1492 2229 1673 2256 normam

181 2286 458 2324 examinemus
483 2284 565 2322 iam
589 2283 691 2322 illud
719 2285 1009 2336 fragmentum,
1045 2286 1154 2340 quod
1178 2288 1295 2339 quasi
1316 2300 1391 2340 per
1413 2294 1552 2340 partes
1578 2301 1672 2327 suas

182 2370 206 2394 a
228 2356 362 2394 Nonio
393 2354 586 2393 traditum
612 2353 796 2406 Scaliger
822 2357 975 2409 primus
1004 2357 1045 2396 in
1074 2363 1157 2397 tres
1187 2359 1398 2397 continuos
1431 2359 1671 2409 galliambos

182 2426 346 2476 collegit
374 2426 416 2463 in
436 2423 567 2463 catal.
588 2438 629 2477 p.
651 2431 739 2466 224:
773 2427 920 2467 deinde
943 2427 1144 2480 Scaligeri
1172 2441 1253 2478 11011
1277 2442 1431 2468 111011101·
1460 2430 1501 2467 111
1528 2429 1672 2468 00110111

182 2497 408 2547 fragmento
447 2500 488 2534 et
529 2497 779 2536 conectendo
818 2505 859 2538 et
888 2500 972 2539 suis
1003 2500 1179 2539 numeris
1208 2499 1461 2540 restituendo
1493 2501 1543 2541 Gr.
1566 2501 1671 2540 Her-

180 2579 350 2606 mannus
379 2565 684 2607 elaboravitde
715 2571 852 2610 metris
882 2585 923 2624 p.
955 2577 1024 2614 324
1050 2585 1111 2624 sq.
1147 2576 1187 2610 et
1214 2577 1359 2624 postea
1387 2572 1429 2611 in
1459 2572 1671 2611 elementis

182 2638 220 2677 d.
242 2652 294 2678 111.
315 2652 356 2690 p.
378 2643 465 2679 506:
497 2644 542 2676 ut
570 2645 786 2691 appareat,
823 2655 902 2694 quo
932 2644 1018 2682 iure
1042 2642 1245 2682 Oehlerus
1276 2642 1329 2682 ad
1359 2643 1436 2682 hoc
1467 2643 1670 2695 fragmen-

180 2715 265 2749 tum
288 2709 572 2761 adscripserit:
605 2709 674 2748 ‘ex
695 2710 758 2749 his
779 2711 963 2753 frustulis
984 2714 1186 2764 integrum
1205 2714 1376 2752 fecimus
1399 2713 1552 2762 locum,
1579 2727 1669 2753 ver-

181 2780 292 2819 sibus
327 2779 595 2831 galliambicis
632 2785 903 2833 conceptum?
962 2783 1111 2823 Scribit
1138 2789 1273 2822 autem
1295 2783 1452 2822 Nonius
1479 2798 1519 2836 p.
1541 2790 1599 2833 49,
1627 2791 1673 2825 20

183 2851 378 2890 ‘tonimus'
401 2854 567 2900 positum
602 2850 718 2902 [pro]
749 2863 931 2892 sonamus
957 2867 1043 2893 cum
1070 2858 1192 2909 modo,
1223 2869 1246 2893 α
1278 2861 1375 2893 tono.
1437 2855 1562 2893 Varro
1590 2857 1670 2893 Eu-

183 2923 413 2959 menidibus:
454 2925 542 2961 tibi
578 2929 812 2972 tympana
848 2937 935 2963 non
973 2928 1114 2964 inani
1156 2927 1306 2973 (inanis
1339 2924 1475 2976 Leid.)
1507 2929 1670 2964 sonitu

1342 2990 1401 3029 2*
