1898 3236
243 292 295 331 58
811 297 1152 329 conc'rANEA.

356 405 396 445 V
427 403 482 456 (8)
623 406 699 441 Aul
726 405 789 441 ille
818 411 974 442 cervum
1001 406 1069 452 qui
1094 416 1259 442 currens
1282 406 1437 442 volabile

619 476 744 523 Sparo
771 479 924 512 secutus
953 476 1150 523 traqulave
1180 476 1317 511 traicit.

356 578 416 617 VI
457 575 513 629 (9)
621 577 721 622 Quid
748 577 809 614 hic
841 580 997 613 venator
1026 588 1100 614 non
1130 576 1252 624 cepit?

355 679 448 719 VII·
468 677 525 730 (7)
616 679 722 715 Adde
750 679 913 726 hydram
932 678 1146 715 Lernaeam
1168 682 1205 714 et
1223 679 1427 715 draconem
1450 654 1719 725 Hesperidum,

619 751 720 798 quod
745 750 883 786 bestiae
907 748 1072 796 fuerunt
1101 750 1294 785 immanes.

357 851 462 891 VIII
491 849 570 902 (10)
610 851 725 896 Quem
754 851 895 887 idcirco
926 854 1033 887 terra
1063 861 1137 886 non
1167 851 1266 896 cepit
1295 854 1331 886 ec
1359 851 1505 886 caelum
1535 849 1689 897 recepit.

244 968 394 1005 Eorum
430 966 478 1005 fr.
507 966 568 1005 IV
605 964 677 1003 tali
720 964 806 1003 fere
840 976 947 1003 nexu
987 963 1081 1002 olim
1115 963 1198 1014 legi
1232 964 1382 1015 potuit:
1424 964 1617 1011 Fruatur,
1657 964 1722 1002 cui

243 1037 356 1086 libet,
387 1036 552 1090 placida
584 1049 632 1074 ac
662 1034 803 1074 deside
835 1036 932 1083 vita,
965 1035 999 1073 si
1023 1047 1103 1073 non
1129 1035 1255 1083 malit,
1287 1040 1331 1072 ut
1357 1035 1577 1086 praemium
1605 1033 1717 1072 labo-

244 1121 344 1155 rum,
374 1107 551 1159 aliquam
571 1106 806 1146 Atalantam
830 1110 1059 1158 reportare:
1091 1118 1196 1156 quae
1219 1106 1421 1144 sententia
1447 1105 1619 1144 fortasse
1639 1118 1720 1144 non

242 1172 364 1228 longe
400 1190 424 1215 a
456 1176 524 1215 frr.
551 1178 595 1216 II
626 1183 666 1216 et
694 1177 761 1216 III
792 1175 980 1215 distabat.
1023 1174 1106 1233 ‘Ad
1135 1175 1387 1227 Meleagrum
1418 1174 1620 1224 alluditur,
1640 1177 1720 1228 'qui

242 1247 455 1300 nobilitata
492 1248 580 1300 apri
618 1246 833 1300 Calydonii
870 1247 1086 1286 venatione
1127 1259 1208 1284 non
1235 1246 1353 1284 modo
1382 1246 1543 1286 beluam
1572 1246 1719 1286 intere-

242 1319 333 1367 mit,
381 1318 454 1358 sed
493 1319 614 1357 etiam
652 1319 871 1357 animosam
908 1318 1157 1356 venatricem
1192 1316 1426 1355 Atalantam
1464 1323 1607 1357 nactus
1645 1323 1718 1358 est.

242 1379 349 1428 vido
390 1388 632 1441 Apollodori
668 1389 939 1427 narrationem
984 1389 1025 1426 in
1063 1387 1164 1427 libro
1203 1389 1224 1427 Ι
1259 1394 1294 1430 8.
1363 1388 1426 1428 cf.
1459 1388 1508 1427 L.
1543 1388 1720 1427 Pronori

242 1459 415 1511 Mythol.
441 1458 588 1498 Graec.
619 1458 663 1497 II
685 1471 732 1510 p.
764 1464 832 1500 205
858 1472 946 1511 sqq.
987 1459 1282 1498 Difficultatem
1312 1459 1363 1498 de
1393 1459 1591 1511 scriptura
1613 1460 1720 1510 frag—

242 1530 366 1568 menti
396 1530 518 1568 Nonii
556 1530 748 1568 memoria
784 1529 919 1585 affert,
958 1530 1026 1581 qui
1057 1543 1097 1581 p.
1131 1535 1218 1577 187,
1247 1535 1291 1570 15
1333 1530 1398 1568 ita·
1421 1529 1580 1568 scribit:
1620 1531 1719 1569 ‘ver-

241 1602 356 1637 rium’
388 1612 615 1649 magnarum
646 1602 792 1638 virium.
864 1601 988 1638 Varro
1018 1601 1233 1650 Meleagro:
1271 1601 1320 1638 ‘si
1346 1614 1420 1638 non
1453 1603 1558 1639 malit
1582 1605 1640 1640 vir
1670 1606 1720 1640 vi-

242 1672 365 1708 ralius
394 1682 555 1708 uxorem
585 1671 726 1708 habere
746 1671 995 1709 Alalunlam.'
1027 1671 1103 1709 nisi
1134 1670 1241 1724 quod
1271 1674 1472 1718 m’raccius,
1503 1685 1539 1710 m
1560 1686 1682 1725 supra
1702 1685 1721 1711 s

243 1740 413 1792 scriptO,
461 1740 690 1780 Leidensis.
757 1741 901 1792 Itaque
942 1739 1147 1779 dubitatur
1190 1741 1360 1792 primum
1399 1742 1450 1781 de
1480 1744 1570 1795 ipsa
1603 1752 1718 1793 voce,

241 1826 322 1865 qua
359 1813 418 1850 uti
455 1811 612 1850 Nonius
650 1811 845 1868 voluerit,
884 1815 1030 1850 viratus
1066 1825 1117 1850 an
1157 1814 1317 1853 viriatus
1346 1813 1602 1865 explicuerit:
1642 1815 1719 1854 hoc

243 1883 275 1921 si
306 1882 452 1929 voluit,
489 1895 626 1921 rursus
658 1882 883 1934 quaeritur,
922 1895 946 1919 a
983 1871 1188 1921 viribus'ne
1227 1897 1278 1922 an
1309 1897 1334 1921 a
1362 1884 1475 1922 viriis
1506 1885 1558 1923 sit
1588 1886 1718 1924 oriun-

245 1952 350 1991 dum.
409 1952 537 2003 Atqui
569 1954 697 1991 viriati
728 1952 898 1991 foi-mam
929 1951 1072 2005 eadem
1102 1951 1241 1991 addita
1271 1953 1539 2005 explicatione
1563 1969 1719 2006 mayna-

242 2040 327 2064 rum
359 2029 492 2064 virium
522 2008 678 2062 Nonius
707 2023 888 2075 proxime
918 2022 1175 2062 antecedenti
1204 2022 1354 2074 pagina
1385 2030 1462 2073 186,
1492 2032 1538 2067 30
1565 2028 1717 2079 posuit:

241 2096 460 2134 ‘viriatum’
507 2097 646 2132 dictum
697 2098 752 2130 est
802 2106 1029 2142 maynarum
1074 2095 1221 2131 virium.
1301 2095 1468 2133 Lucilius
1511 2098 1572 2134 lib.
1617 2111 1719 2136 xxvr

239 2155 391 2205 ‘contra
415 2167 618 2215 flaffitium,
660 2165 807 2201 nescire
837 2165 929 2201 bello
958 2165 1057 2201 vinci
1084 2176 1108 2200 a
1141 2165 1306 2202 barbaro
1341 2167 1475 2204 viriato
1505 2169 1718 2207 Annibale.³

242 2237 363 2289 Quod
391 2250 443 2276 ne
473 2235 563 2288 quis
591 2235 650 2273 ita
678 2234 976 2286 interpretetur,
1004 2238 1048 2272 ut
1063 2233 1218 2273 Nonius
1249 2234 1376 2274 altero
1406 2236 1496 2275 loco
1525 2251 1605 2276 non
1625 2253 1719 2291 pos-

242 2309 295 2347 sit
330 2322 408 2346 non
450 2307 569 2345 aliam
608 2319 633 2343 a
669 2307 803 2343 viriato
837 2303 1039 2342 diversam
1072 2318 1215 2344 vocem
1245 2305 1499 2355 adhibuisse,
1534 2308 1717 2347 Kochius

243 2378 351 2416 cavit
377 2377 419 2415 in
450 2374 805 2415 exercitationibus
825 2389 865 2428 p.
888 2380 946 2415 26.
998 2375 1135 2426 Quare
1167 2377 1200 2415 si
1232 2390 1282 2416 ex
1308 2376 1500 2415 incolumi
1521 2379 1719 2431 scriptura

242 2448 506 2500 depravatam
535 2446 749 2487 aestimare
778 2445 977 2494 volumus,
1006 2446 1220 2499 utrobique
1241 2447 1282 2485 in
1302 2450 1432 2485 viriati
1448 2450 1608 2488 nomine
1627 2463 1717 2502 per-

242 2518 448 2557 sistemus:
495 2515 602 2568 quod
643 2529 732 2554 cum
767 2516 923 2554 Nonius
970 2530 994 2554 a
1032 2516 1183 2555 viribus
1232 2531 1321 2556 esse
1362 2517 1479 2567 dicit,
1525 2518 1601 2557 hoc
1638 2533 1719 2558 non

243 2587 365 2627 debet
395 2601 484 2626 earn
511 2586 594 2625 vim
621 2586 785 2634 habere,
817 2592 860 2625 ut
888 2587 922 2642 si
950 2586 1216 2639 probabilitas
1246 2588 1325 2626 alio
1357 2587 1498 2636 ducat,
1532 2602 1556 2626 a
1584 2588 1718 2628 Nonio

241 2673 321 2697 non
358 2657 631 2696 deflectamus.
690 2656 780 2695 Nec
818 2657 954 2710 inepte
985 2657 1035 2696 de
1064 2658 1198 2706 viriis,
1230 2671 1311 2697 non
1341 2658 1392 2697 de
1417 2658 1589 2706 viribus,
1629 2672 1717 2697 cum

243 2729 311 2767 alii
346 2728 462 2776 olim,
500 2733 584 2766 tum
623 2725 823 2766 Oehlerus
863 2733 904 2766 et
941 2728 1123 2767 Kochius
1157 2724 1401 2778 cogitarunt:
1444 2728 1620 2781 quorum'
1644 2728 1716 2767 ille

242 2805 403 2850 praeter
430 2798 510 2837 alia
539 2798 723 2850 apposite
750 2797 951 2836 Isidorum
977 2799 1094 2838 affert
1122 2799 1163 2837 in
1194 2799 1412 2850 originibus
1438 2799 1546 2837 XIX
1567 2805 1624 2846 31,
1651 2805 1715 2840 16:

242 2872 415 2907 armillae
444 2871 605 2917 proprie
641 2874 732 2908 sunt
773 2871 941 2907 virorum
977 2872 1137 2908 cellulae
1175 2871 1353 2908 victoriae
1390 2882 1508 2907 causa
1543 2873 1718 2908 militibus

174 2930 183 2937 χ
241 2942 289 2990 ob
317 2952 511 2977 armorum
537 2943 722 2978 virtulem.
782 2943 882 2978 unde
918 2947 972 3007 et·
990 2943 1180 2990 quondam
1218 2941 1326 2988 vulyo
1359 2942 1513 2977 viriolae
1541 2942 1716 2979 diceban-
