1898 3236
780 255 1121 286 comssc'rANEA.
1669 246 1693 285 7

206 375 336 402 omnes
374 363 665 402 convenienter
700 361 743 400 id
778 360 943 414 quidem
979 360 1171 399 latinitati
1206 360 1258 399 de
1292 359 1530 399 mulieribus
1569 361 1690 398 inter-

205 439 403 488 pretatur,
435 438 715 484 argumentum
744 437 906 471 saturae
931 445 1012 470 non
1041 435 1251 471 assecutus
1277 436 1352 470 est.
1413 429 1497 470 Sed
1521 429 1572 468 de
1593 429 1692 469 sede

207 511 248 545 et
284 518 407 544 sensu
443 505 562 543 huius
598 504 815 555 fragmenti
853 516 943 541 cum
982 502 1107 542 facile
1143 501 1363 550 concedat,
1405 502 1475 554 qui
1512 501 1691 540 indolem

208 576 294 614 eius
332 581 494 614 saturae
522 575 729 628 percepit,
771 574 822 613 de
853 572 1027 612 disticho
1058 572 1135 611 erit
1163 570 1301 611 tamen
1339 571 1449 625 quod
1478 571 1691 610 addubite-

206 652 290 685 tur:
333 644 494 698 quando
533 645 692 684 omnino
728 657 917 683 numeros
954 642 1010 682 ibi
1047 642 1178 682 latere
1215 655 1332 681 nemo
1364 642 1494 682 sensit
1528 647 1692 693 praeter

205 715 286 755 Ad.
303 715 529 764 Kochium,
562 716 631 768 qui
653 715 695 753 in
717 712 1074 754 exercitationibus
1103 713 1252 752 criticis
1280 727 1319 766 p.
1344 719 1389 756 25
1413 713 1488 752 has
1508 713 1690 752 heroico-

206 800 293 825 rum
320 786 542 840 particulas
573 786 696 825 eruit:

671 840 675 846 .
1085 856 1191 904 Erqo

410 929 624 977 Reliqiosae
655 932 733 965 tum
763 938 902 965 sacrae
929 923 1138 976 'castaeque
1164 927 1331 976 fuerunt

409 1001 488 1038 Res
516 1011 656 1037 omnes.

205 1093 355 1131 Parum
382 1089 647 1143 probabiliter
670 1103 734 1128 me
764 1088 922 1137 iudice,
964 1102 1054 1127 cum
1082 1102 1159 1128 nec
1195 1088 1572 1140 transpositionem,
1613 1101 1693 1140 qua

206 1163 344 1210 utitur,
375 1161 500 1199 facile
523 1160 666 1208 feram,
698 1164 739 1198 et
765 1158 978 1211 diremptio
994 1171 1085 1209 erqo
1103 1166 1181 1198 tum
1196 1159 1487 1212 particularum
1510 1165 1632 1211 atque
1654 1160 1695 1197 in

207 1232 309 1271 duos
332 1245 476 1271 versus
499 1230 728 1269 distributio
750 1229 873 1269 valde
894 1230 1123 1282 displiceat.
1171 1231 1262 1270 Nec
1285 1235 1422 1268 tamen
1448 1229 1582 1278 video,
1614 1244 1693 1282 quo

208 1303 288 1342 alio
326 1303 482 1341 leniore
524 1301 667 1350 modo,
719 1301 877 1340 scilicet
914 1301 1088 1340 servatis
1137 1313 1243 1353 quae
1283 1299 1497 1339 traduntur
1542 1299 1693 1347 verbis,

205 1375 444 1414 hexameter
476 1371 661 1425 prodeat.
722 1372 779 1411 Ut
808 1377 877 1409 aut
907 1371 1038 1410 fallax
1069 1372 1121 1409 sit
1152 1372 1226 1410 illa
1254 1371 1372 1409 metri
1402 1372 1583 1423 specieS‚
1625 1378 1694 1410 aut

207 1445 289 1484 alia
325 1457 413 1492 res,
460 1457 541 1482 non
580 1442 828 1481 disturbatus
868 1441 1082 1481 verborum
1121 1442 1241 1490 ordo,
1286 1455 1430 1480 versus
1470 1442 1694 1493 integritati

207 1515 394 1554 obfuerit.
454 1514 673 1553 Enimvero
704 1512 900 1552 habemus
930 1518 996 1551 sat
1027 1518 1159 1552 certas
1184 1512 1338 1551 heroici
1361 1526 1504 1551 versus
1532 1518 1692 1564 partes:

205 1589 312 1637 Erqo
341 1590 419 1624 lum
438 1596 577 1623 sacrae
605 1589 645 1623 et
669 1589 874 1633 castaeque
897 1585 1063 1634 fuerunt
1088 1585 1167 1622 Res
1191 1594 1331 1621 omnes.
1390 1583 1547 1622 Haeret
1567 1583 1693 1622 versi-

208 1658 290 1698 culi
317 1662 433 1697 tenor
461 1657 503 1695 in
532 1658 732 1705 reli9iosae
756 1667 881 1703 voce,
924 1652 990 1694 cui
1028 1668 1118 1693 cum
1155 1638 1236 1692 non
1274 1653 1444 1691 multum
1476 1654 1692 1692 collocatio

205 1728 274 1768 vel
303 1727 531 1768 sententiae
558 1725 784 1765 necessitas
815 1726 976 1774 faveat,
1007 1730 1091 1763 tum
1114 1724 1279 1776 gravior
1308 1722 1505 1763 dubitatio
1530 1738 1581 1763 ex
1604 1725 1692 1776 ipso

206 1799 340 1838 Nonio
378 1797 603 1844 suboritur,
644 1797 713 1850 qui
747 1796 805 1835 ita
841 1795 982 1835 scribit
1010 1810 1052 1848 p.
1082 1801 1165 1843 267,
1196 1801 1218 1836 6
1249 1795 1423 1842 Castum,
1463 1798 1692 1845 reliyiosum.

216 1871 318 1919 γίνῃ.
341 1871 401 1906 lib.
434 1869 491 1906 VI
516 1870 673 1919 ‘quique
701 1870 922 1908 sacerdotes
953 1869 1067 1913 casti,
1105 1870 1194 1921 dum
1216 1869 1291 1905 vila
1312 1866 1513 1904 maneret?
1570 1867 1695 1904 Varro

209 1941 592 1979 Gerontodidascalo:
629 1941 743 1989 ‘er-90
781 1945 860 1978 tum
893 1951 1010 1977 sacra
1053 1940 1255 1988 reliqiosae
1289 1943 1495 1985 castaeque
1531 1937 1697 1984 fuerunt

207 2024 271 2050 res
299 2012 456 2050 omnes)
516 2012 622 2050 Idem
651 2013 691 2048 in
719 2012 1021 2049 Eumenidibus:
1068 2011 1251 2058 ‘namque
1288 2014 1468 2047 venustas
1497 2010 1559 2046 hic
1590 2010 1698 2046 adest

205 2084 463 2134 yallancibus?
511 2093 610 2132 quae
647 2087 756 2120 casta
795 2081 956 2120 vestis?'
1014 2081 1176 2132 Nempe
1215 2092 1328 2126 eam,
1380 2092 1502 2130 quam
1532 2078 1696 2116 obstare

206 2154 343 2193 versui
363 2152 559 2201 vidimus,
590 2165 734 2191 vocem
760 2165 782 2191 e
803 2151 926 2191 Nonii
952 2151 1144 2190 lemmate
1171 2150 1214 2188 in
1233 2149 1428 2189 Varronis
1453 2148 1579 2188 verba
1605 2149 1695 2187 illa—

208 2231 291 2264 tam
321 2223 514 2263 arbitror:
554 2236 636 2276 qua
666 2222 852 2275 dempta,
885 2221 1095 2260 commode
1121 2221 1210 2260 fluit
1237 2221 1495 2259 hexameter:

484 2355 491 2361 .
551 2336 642 2373 erqo
670 2330 749 2362 tum
778 2334 917 2362 sacrae
946 2328 1152 2372 castaeque
1178 2323 1344 2371 fuerunt

411 2397 490 2434 Res
516 2406 656 2434 omnes.

210 2487 295 2526 Sed
323 2500 374 2526 ne
404 2486 508 2525 haec
539 2485 703 2539 quidem
733 2485 998 2524 conformatio
1029 2497 1196 2540 prorsus
1227 2484 1430 2524 satisfacit
1460 2486 1578 2532 mihi,
1612 2485 1694 2537 qui,

210 2558 383 2596 maxime
413 2557 580 2597 alterius
612 2557 790 2610 exempli
823 2555 1088 2596 similitudine
1123 2555 1291 2604 ductus,
1328 2557 1465 2595 malim
1496 2569 1588 2605 erqo
1618 2561 1695 2593 tum

208 2627 433 2682 particulas
469 2629 511 2666 in
544 2629 658 2667 initio
690 2641 833 2668 versus
865 2640 987 2680 quam
1022 2627 1065 2664 in
1095 2626 1228 2666 medio
1258 2627 1354 2679 legi.
1415 2627 1470 2666 Ut
1508 2641 1529 2665 e
1563 2626 1694 2678 suspi-

208 2701 318 2739 tione
356 2698 627 2738 subnascatur
664 2699 795 2738 altera
830 2698 1022 2750 suspitio,
1061 2711 1141 2736 non
1178 2698 1310 2737 solum
1347 2698 1522 2736 alienam
1552 2710 1695 2735 vocem

209 2773 251 2810 in
276 2771 472 2811 Varronis
501 2768 630 2809 verba
655 2769 882 2818 invectam,
911 2768 986 2808 sed
1008 2768 1174 2818 eadem,
1205 2774 1250 2808 ut
1268 2769 1331 2816 fit,
1363 2768 1556 2815 alteram,
1589 2779 1694 2819 quae

208 2843 296 2881 iure
316 2842 452 2880 locum
473 2840 703 2889 obtinebat,
735 2852 827 2879 esse
850 2839 1036 2880 eiectam.
1085 2840 1284 2879 Nimirum
1309 2839 1369 2878 sic
1397 2837 1558 2877 demum
1582 2836 1694 2876 vide-

209 2918 274 2952 tur
300 2911 700 2965 integra'scriptoris
734 2923 876 2949 manus
906 2911 1084 2950 restitui:
