1898 3236
745 258 1091 291 conmc‘rmm.
1437 264 1441 269 2
1588 248 1601 286 1
1619 248 1636 286 1
1648 247 1665 286 1

177 369 304 409 Porro
340 367 669 406 interlocutorem
705 366 932 406 Varronem
964 367 1097 417 ipsum
1135 376 1283 402 nomen
1313 361 1492 400 ostendit
1520 362 1561 399 in
1590 366 1670 399 Tm—

178 453 318 490 φΑΛΛωι
350 440 401 481 fr,
432 445 454 479 ’2
490 441 571 487 Eyo
607 440 703 476 nihil
739 439 864 475 Varro
893 420 1020 475 vidae:
1056 438 1110 473 ita
1146 437 1208 473 hic
1243 436 1435 479 obscurat,
1475 435 1543 481 qui
1581 438 1669 470 ante

180 525 239 550 me
275 517 332 550 esc
367 513 495 549 nescio
533 512 602 558 qui
636 511 824 557 lonqurio.
885 506 948 545 Ac
983 510 1387 548 Pspomosmicnnon,
1427 504 1526 543 licet
1565 506 1668 543 eius-

180 583 289 622 modi
330 582 478 621 certius
513 579 708 619 indicium
735 578 860 626 desit,
906 577 1004 629 quin
1032 577 1163 615 Varro
1194 577 1303 629 ipse,
1332 589 1414 614 non
1442 575 1546 614 alius
1577 577 1668 628 quis

183 655 324 707 egerit,
356 652 406 692 ob
435 652 558 691 totius
589 655 753 689 saturae
782 649 962 688 indolem
992 647 1168 686 dubitari
1197 647 1354 699 nequit.
1378 694 1382 697 ,
1416 646 1480 686 Cf.
1501 648 1669 687 Momm-

183 739 304 773 senus
334 725 362 764 l.
388 737 423 763 c.
454 737 495 776 p.
521 728 602 764 589.
663 722 718 760 Et
747 733 868 773 quem
899 725 942 758 tu
969 724 1089 772 putas
1119 720 1160 758 in
1186 723 1417 755 Tnsrsnu-:sro
1447 718 1495 757 fr.
1519 724 1542 758 2
1567 718 1670 756 haec

183 797 234 836 de
271 796 578 847 Menippo-arum
613 798 846 831 saturarum·
876 790 1005 830 tutela
1038 790 1297 842 praecipere:
1347 791 1386 826 Ε
1421 801 1505 828 mea
1543 791 1671 827 Philo-

175 868 365 916 phthonia
391 867 511 909 natis,
548 875 643 913 quos
670 864 878 911 Menippea
907 863 1080 900 haeresis
1107 864 1302 899 nutricata
1331 866 1406 907 est,
1443 867 1589 899 tutores
1625 864 1673 899 (Io

182 937 274 984 ‘Qui
299 949 380 975 rem
410 937 624 974 Romanam
650 935 876 994 ‘Latiumque
914 934 1114 980 auyiscere
1142 932 1285 970 vultis?
1344 931 1434 970 Velv
1453 932 1674 970 Tithonum

185 996 295 1056 esse,
328 1008 397 1060 qui
425 1007 467 1045 in
496 1006 736 1057 cognomine
763 1010 900 1043 satura
925 1002 1041 1041 dicit:

297 1128 318 1162 5
387 1120 476 1159 Risi
503 1122 682 1166 multum,
713 1121 789 1157 lasz·
816 1120 959 1156 modice
985 1117 1121 1155 ia'mbis

187 1240 227 1273 et
262 1235 311 1273 fr.
349 1240 372 1274 4
420 1234 484 1272 Sic
528 1236 688 1271 invitata
724 1237 878 1271 matura
914 1233 1043 1269 anima
1079 1241 1307 1278 corporeum
1343 1232 1521 1267 corticem
1556 1229 1676 1278 facile

423 1303 614 1353 relinquit.

187 1410 252 1449 In*
283 1410 354 1449 illo
400 1409 647 1460 fragmento,
692 1414 736 1447 ut
772 1409 851 1448 hoc
887 1409 930 1447 in
966 1409 1200 1446 transcursu
1239 1419 1445 1453 moneam,
1483 1404 1677 1443 librorum

188 1483 308 1519 ambis
337 1481 511 1519 correxit
535 1479 751 1527 oehlerus,
775 1492 963 1518 numeros
988 1492 1070 1516 non
1100 1478 1279 1529 agnovit.
1329 1477 1555 1527 Roeperus,
1588 1489 1677 1513 cum

190 1551 304 1589 malit
332 1550 593 1589 seorsum-ab
619 1550 708 1588 aliis
737 1549 940 1597 iudicare,
973 1553 1216 1601 anapaestos
1249 1548 1409 1594 statuit,

595 1665 685 1704 Risi
710 1669 886 1714 multum,
917 1666 996 1704 lusi
1027 1668 1170 1704 modice

595 1738 681 1775 Iam
707 1738 814 1776 scitis.

193 1849 350 1902 Quibus
381 1863 456 1901 ego
486 1863 567 1889 non
597 1850 688 1903 plus
728 1850 824 1890 fidei
859 1850 992 1889 habeo
1026 1863 1147 1903 quam
1177 1849 1256 1897 eis,
1296 1861 1398 1900 quos
1437 1860 1459 1886 e
1489 1853 1680 1887 Hrmmov

192 1921 282 1961 Lib.
310 1922 356 1960 II
386 1922 436 1960 fr.
469 1928 491 1962 2
521 1922 643 1970 eruit,
677 1921 727 1961 de
759 1935 837 1975 quo
866 1935 947 1960 non
977 1921 1155 1960 debebat
1183 1920 1425 1971 neglegere,
1456 1933 1562 1972 quae
1592 1921 1679 1960 Rit-

191 1993 370 2035 schelius
404 1993 565 2046 scripsit
594 1992 645 2031 de
671 1993 866 2033 Varronis
897 1992 1202 2045 disciplinarum
1226 1990 1340 2028 libris
1374 2004 1414 2042 p.
1446 1997 1502 2031 14.
1563 1991 1678 2031 Alte—

192 2079 279 2103 rum
332 2063 434 2103 illud
478 2065 749 2116 fragmentum
798 2065 841 2102 in
885 2063 1182 2115 generaliorem
1230 2061 1472 2111 sententiam
1520 2064 1681 2115 accepit

193 2137 433 2176 Krahnerus
479 2134 530 2173 de
575 2135 770 2174 Varronis
816 2134 1076 2186 philosophia
1123 2147 1164 2186 p.
1203 2140 1260 2174 21.
1334 2133 1481 2186 Itaque
1524 2139 1681 2172 tantum

192 2208 256 2246 his
294 2206 491 2257 exemplis
529 2205 677 2244 vicisse
714 2204 876 2253 videor,
924 2211 968 2243 ut
1017 2218 1099 2243 non
1143 2204 1230 2242 sine
1278 2204 1436 2242 ratione
1473 2204 1547 2243 sub
1586 2205 1680 2244 Ses-

196 2277 388 2330 quiulixis
427 2289 602 2327 persona
640 2275 950 2314 delitescentem
987 2276 1215 2315 Varronem
1251 2275 1501 2325 agnoverim.
1560 2275 1682 2314 Unde

197 2348 346 2386 corruit
391 2347 470 2384 iam
513 2346 690 2397 opinatio
728 2345 927 2397 Roepefi,
974 2346 1199 2385 Varronem
1237 2346 1278 2384 in
1317 2345 1394 2384 hac
1430 2352 1569 2386 satura
1608 2346 1682 2385 ‘ad

195 2418 331 2456 Ulixis
385 2416 453 2455 vel
505 2416 696 2454 astutiam
743 2416 812 2455 vel
850 2429 968 2455 casus
1021 2429 1261 2469 erroresque
1303 2416 1475 2455 ridicule
1522 2430 1682 2469 compo-

198 2489 326 2526 suisse
363 2487 431 2526 vel
467 2499 738 2538 exaggerasse
777 2486 1077 2540 Sesquiulixem
1105 2487 1283 2544 aliquem
1312 2487 1532 2540 Cynicum,
1570 2488 1683 2526 velut

197 2557 421 2596 Herculem
439 2557 720 2606 Socraticum?
755 2571 805 2597 ex
835 2572 914 2612 quo
936 2559 1066 2599 Varro
1097 2557 1198 2597 alius
1230 2564 1392 2597 saturae
1415 2557 1591 2596 indicem
1614 2572 1683 2610 pe—

199 2629 273 2666 tiit.
339 2627 450 2666 Illud
501 2629 662 2680 quoque
705 2629 785 2668 iam
832 2630 1091 2669 manifestum
1134 2629 1298 2668 videtur
1343 2629 1568 2668 Varronem
1603 2629 1683 2668 alio

199 2712 247 2737 ac
287 2712 410 2751 supra
437 2699 656 2750 perscripsi
671 2699 875 2750 xsingulas
908 2701 1103 2754 reliquias
1143 2698 1283 2738 ordine
1314 2712 1427 2738 suam
1461 2700 1684 2738 instituisse

198 2770 488 2808 narrationem:
535 2770 698 2823 quando
737 2771 921 2810 militiam
951 2770 1163 2830 prol->abile
1202 2776 1265 2808 est
1305 2776 1520 2822 exceptam
1557 2771 1683 2809 fuisse

198 2840 248 2879 ab
277 2842 340 2888 iis,
372 2853 478 2893 quae
506 2840 560 2879 ad
588 2841 955 2893 peregrinationem
985 2843 1196 2882 attineant.
1254 2842 1320 2880 Ab
1349 2848 1520 2894 utroque
1549 2848 1683 2881 autem

198 2924 351 2962 genere
378 2911 695 2962 fragmentorum
720 2924 858 2950 rursus
889 2913 1140 2952 secernenda
1170 2919 1262 2952 sunt
1299 2915 1389 2962 tria,
1421 2926 1527 2965 quae
1556 2914 1684 2965 primo
