1898 3236
230 211 242 248 1
255 209 308 249 36
801 217 1139 255 οοΝῙΕοΤΑΝΕΑ.

227 331 289 364 est
316 327 466 372 past-illo
491 325 663 371 pendere
693 335 783 360 cum
809 322 986 361 Oehlero
1018 322 1085 361 ‘de
1106 323 1225 361 rebus
1243 329 1406 375 praeter
1424 326 1709 363 necessitatem

227 395 444 447 susceptis’
476 393 657 443 intellegi
690 391 823 431 debet.
883 393 1077 431 Similiter
1107 395 1235 432 Varro
1265 395 1305 432 in
1338 378 1567 432 Eumrmnmus
1595 395 1644 434 fr.
1666 402 1712 438 23

227 467 277 506 de
314 464 570 518 philosophia
602 464 778 503 Zenonis
803 464 938 511 dixit,
978 478 1068 503 eum
1097 478 1243 502 novam
1270 465 1471 504 haeresim
1504 480 1610 505 novo
1639 481 1709 519 pa-

228 539 325 577 xillo
366 534 647 590 suspendisse:
695 534 827 586 quode
865 547 935 572 suo
973 535 1062 573 loco
1102 534 1245 572 dicam.
1305 536 1372 574 Fr.
1413 537 1473 575 VI
1510 525 1712 577 numerosi

228 607 325 660 quid
354 606 490 653 habet,
523 618 767 657 quamquam
796 618 956 643 versum
988 619 1068 643 non
1099 606 1312 645 constituo.

340 697 558 746 Adscribo‚
584 704 628 735 ut
658 710 731 749 per
755 703 892 749 partes
925 711 1018 736 suas
1047 698 1337 751 pedetemptim
1362 707 1574 753 reparetur
1597 716 1712 753 argu-

229 776 418 815 mentum,
450 768 559 808 aliud
585 781 804 820 paucorum
826 781 1015 806 versuum
1047 770 1303 808 consortium.

345 872 424 911 VII
458 870 536 922 (13)
568 872 717 908 Nm'ctae
745 863 975 918 re'mivizqcim
1008 877 1153 908 movent
1182 873 1353 910 celo'cem.
1372 874 1385 879 ”

343 962 449 1001 VIII
482 960 559 1011 (12)
597 939 641 998 [ft
669 962 761 997 levis
790 962 937 1007 tippz'tla
965 963 1144 1009 lymphari
1171 962 1340 1010 frigidos
1370 963 1511 1001 transit
1541 966 1658 1003 lacus.

345 1053 409 1090 IX
438 1050 519 1102 (14)
547 1053 691 1088 Ebrius
719 1062 771 1095 es,
804 1051 963 1088 Marce:
996 1053 1182 1099 Odyssian
1213 1055 1310 1090 enim
1342 1055 1502 1092 Homeri
1529 1058 1722 1092 ruminari

230 1126 377 1171 incipis,
407 1135 492 1159 cum
523 1119 611 1172 περὶ
641 1115 796 1171 τρόπων
825 1125 1059 1170 scripturum
1086 1128 1120 1159 te
1147 1126 1224 1162 scio
1254 1127 1458 1174 receperis,

347 1213 388 1250 X
422 1211 501 1262 (2⁶2)
536 1208 703 1263 Τρόπων
733 1205 902 1260 τρόπους
928 1215 995 1260 qui
1022 1226 1096 1250 non
1128 1216 1234 1251 modo
1264 1218 1461 1264 iyrzorasse
1487 1228 1543 1254 me
1567 1219 1720 1262 clamat,

233 1288 300 1323 sed
329 1287 478 1322 omnino
508 1286 628 1321 omnis
658 1285 798 1321 heroas
827 1288 939 1332 neyat
970 1287 1145 1322 nescisse.

234 1389 301 1426 Fr.
330 1387 395 1424 IX
432 1385 580 1424 indicio
616 1390 678 1423 est
708 1385 844 1437 aliqua
874 1385 923 1423 de
956 1385 1147 1437 Odyssea
1175 1386 1342 1424 Homeri
1371 1390 1666 1438 praecessisse:
1699 1404 1720 1428 e

237 1456 381 1510 quibus
424 1469 515 1494 esse
554 1462 742 1507 poterant
784 1469 833 1493 ea
868 1469 972 1507 quae
1009 1455 1091 1495 VII
1131 1456 1313 1495 et'VIII
1347 1456 1566 1509 adscripsi:
1616 1473 1721 1512 quae

238 1526 438 1567 Oehlerus
469 1526 654 1577 imperite
683 1527 845 1577 inverso
877 1525 1017 1564 ordine
1042 1526 1196 1577 posuit:
1236 1532 1367 1564 mot-ae
1399 1528 1502 1566 enim
1535 1543 1559 1568 a
1589 1531 1722 1569 nautis

239 1599 386 1637 celocis
427 1611 567 1636 cursus
598 1611 687 1635 cum
717 1596 871 1648 tippula
900 1596 982 1634 levi
1014 1596 1231 1635 confertur.
1292 1598 1443 1635 Eorum
1473 1601 1660 1652 exempla
1689 1602 1721 1638 si

237 1671 277 1708 in
313 1670 506 1721 Odyssea
535 1667 693 1707 ostendi
724 1673 942 1718 nequeunt,
974 1672 1162 1719 poterant
1191 1673 1327 1706 tamen
1352 1681 1442 1707 esse
1471 1670 1512 1708 in
1540 1670 1724 1721 longiore

238 1740 468 1779 narratione
502 1738 553 1777 ad
584 1738 799 1789 Odysseae
830 1737 1092 1775 imitationem
1121 1738 1305 1777 formata.
1365 1740 1433 1777 Fr.
1462 1740 1543 1778 VII
1572 1739 1723 1778 hende-

239 1809 490 1862 casyllabum
531 1809 714 1856 efficere,
751 1822 831 1845 non
869 1809 974 1858 fugit
1012 1808 1272 1847 Meinekium.
1332 1811 1366 1847 F
1392 1811 1542 1851 ..VIII
1581 1811 1621 1849 in
1643 1819 1722 1850 've-
1780 1844 1781 1848 ,

239 1880 472 1935 tristioribus
513 1879 756 1919 editionibus
803 1878 909 1916 male
946 1877 1125 1916 habitum
1161 1880 1312 1930 primus
1351 1881 1525 1918 restituit
1567 1894 1615 1918 ac
1653 1895 1723 1919 nu-

240 1965 370 1990 meros
415 1951 581 2001 agnovit
618 1950 804 2000 Scaliger
831 1950 873 1987 in
906 1950 1179 1987 coniectaneis
1213 1964 1252 2001 p.
1286 1957 1369 1992 139:
1408 1947 1528 2002 levis}
1560 1952 1725 1998 Tippula

239 2010 399 2073 lymfairi
425 2024 456 2072 f.
488 2027 515 2062 t.
547 2024 665 2059 lacus.
727 2018 1186 2070 Senariosdescripsit:
1221 2020 1361 2059 deerat
1390 2022 1494 2059 enim
1525 2027 1585 2066 uc,
1618 2021 1725 2073 quod

242 2095 359 2134 abest
386 2095 508 2134 etiam
531 2107 555 2130 a
583 2091 797 2130 Leidensi:
833 2103 910 2142 quo
941 2089 1078 2127 addito
1109 2090 1265 2141 integer
1294 2093 1546 2143 septenarius
1577 2091 1724 2143 prodit,

241 2180 361 2219 quem
399 2169 665 2217 posteaquam
709 2162 915 2203 Miillerus
942 2159 994 2198 ad
1026 2160 1192 2198 Festum
1223 2161 1248 2198 l.
1280 2162 1387 2200 infra
1417 2175 1450 2200 c.
1483 2162 1725 2213 designavit,

244 2237 444 2277 Oehlerus
475 2235 615 2273 maluit
653 2247 764 2272 suam
794 2231 1036 2283 imperitiam
1075 2230 1264 2270 deamare
1307 2246 1426 2283 quam
1466 2246 1563 2270 sano
1598 2233 1739 2279 virum,

241 2308 390 2346 iudicio
428 2307 556 2358 sequi.
618 2305 685 2344 Sic
732 2303 839 2342 idem
876 2302 1023 2341 bonam
1067 2307 1225 2353 partem
1263 2303 1508 2352 integrorum
1540 2308 1726 2353 septena·
1777 2331 1783 2335 ,

243 2379 392 2415 riorum
421 2390 608 2414 mensura
636 2375 797 2413 senaria
828 2373 1031 2412 dimensus
1063 2378 1145 2419 est,
1177 2366 1290 2411 velut
1318 2374 1386 2425 qui
1415 2373 1607 2424 postremi
1638 2377 1730 2410 sunt

243 2450 285 2487 in
314 2451 697 2487 Fvosrosmxcmmwi
738 2450 946 2497 quattuor,
984 2443 1127 2496 quibus
1161 2457 1274 2481 suam
1312 2456 1539 2481 mensuram
1575 2434 1728 2481 Meine-

246 2518 338 2556 kius
375 2516 611 2555 vindicavit.
679 2515 805 2554 Aliud
851 2528 899 2552 ex
945 2514 1023 2551 hac
1062 2514 1152 2564 ipsa
1188 2518 1324 2550 satura
1362 2513 1590 2564 exemplum
1625 2512 1731 2550 infra

245 2589 454 2638 attingam.
483 2585 486 2588 ⁴
516 2587 695 2639 Tippula
734 2584 830 2637 quid
870 2585 920 2622 sit
949 2589 1112 2635 praeter
1141 2583 1317 2620 Nonium
1347 2597 1387 2634 p.
1422 2590 1506 2630 180,
1544 2589 1585 2622 10
1623 2584 1731 2630 ‘Tip-

243 2659 364 2707 pula'
413 2660 557 2696 animal
593 2658 838 2700 levissimum,
875 2656 977 2702 quod
1012 2666 1135 2701 aquas
1171 2666 1246 2691 non
1273 2657 1399 2692 nando
1429 2657 1496 2692 sed
1521 2656 1730 2703 yradiendo

248 2736 421 2768 transeat
451 2728 574 2767 tradit
603 2726 755 2767 Paulus
785 2725 990 2764 breviator
1018 2725 1134 2763 Festi
1163 2738 1201 2775 p.
1225 2730 1294 2765 366
1312 2725 1367 2762 M.
1417 2725 1618 2773 ‘Dippula'
1648 2725 1728 2761 bes-

246 2804 356 2839 tiolae
383 2813 504 2850 yenus
540 2811 612 2837 seoe
641 2800 773 2846 -pedes
809 2799 1003 2843 habentis,
1043 2800 1111 2834 sed
1144 2801 1274 2834 tantae
1311 2797 1489 2840 levitatis,
1534 2799 1574 2832 ut
1610 2806 1726 2841 super

246 2883 385 2920 aquam
421 2883 585 2909 currens
620 2883 694 2908 non
724 2871 884 2908 decidat.
944 2870 1106 2907 Plautus
1137 2867 1307 2918 [Persae
1339 2879 1376 2923 v.
1403 2870 1491 2913 2443
1523 2863 1567 2901 II
1593 2869 1637 2910 2,
1664 2863 1725 2914 62]
