1898 3236
253 238 306 279 76
823 251 1162 283 comem-Anu.

250 353 499 402 grammatici
536 359 704 401 vocant,
746 355 843 394 dici:
885 356 996 395 cuius
1028 371 1106 396 non
1136 358 1296 410 planius
1327 372 1375 397 ac
1407 360 1581 412 lepidius
1612 363 1729 401 simul

252 421 480 473 exemplum
517 424 611 462 novi
644 424 715 462 illo
746 426 854 477 apud
882 428 1119 467 Iuvenalem
1149 428 1209 467 VI
1240 435 1324 470 160:
1362 435 1398 468 et
1429 436 1534 470 vetus
1561 435 1730 482 indulget

249 495 402 531 senibus
437 496 636 532 clementia
662 500 814 544 porcis:
853 498 985 550 quode
1010 498 1106 538 vide
1135 500 1361 539 Heinrichii
1392 503 1728 542 commentarium.

250 565 314 602 De
344 555 560 617 ἆδιαφορίᾳ
589 571 629 604 et
657 557 835 620 ἀπαθείᾳ
866 569 1092 608 Stoicorum
1121 571 1216 610 vide
1237 571 1271 609 Ι.
1300 571 1429 623 Lipsii
1458 573 1732 612 manuductio-

250 633 311 672 nis
345 634 411 672 III
438 634 533 673 diss
564 635 659 675 VII.
692 637 798 690 Opp.
825 640 886 678 IV
910 654 950 691 p.
971 645 1052 682 771.
1098 642 1307 690 adiafuron
1336 641 1494 694 reliqui,
1527 656 1604 695 quo
1636 656 1728 681 con-

250 711 330 743 stet
366 706 469 744 haec
513 719 751 757 graecarum
788 723 933 749 vocum
971 713 1189 765 scriptura,
1239 712 1350 750 cuius
1386 726 1514 765 nuper
1545 714 1731 765 exempla

247 775 442 814 nonnulla
472 777 586 827 tetigi
618 779 658 816 in
690 793 795 818 novo
828 794 963 820 museo
992 783 1123 822 Rhen.
1154 782 1219 821 XI
1248 797 1286 834 p.
1313 789 1393 824 590.
1455 783 1518 823 Of.
1545 783 1732 822 Ritsche·

250 845 326 884 lius
370 845 466 884 ibid.
504 847 591 886 XII
628 862 668 900 p.
708 857 785 892 109.
845 853 880 890 E
918 853 1179 892 Varronianis
1225 867 1275 892 ex
1321 853 1463 892 eodem
1499 867 1650 904 genere
1690 854 1730 892 in

251 925 438 969 promptu
476 926 537 957 est
574 920 785 959 Autumedo
822 922 862 959 in
900 926 1000 960 Min-n
1037 923 1085 962 fr.
1117 931 1157 972 l,
1196 924 1304 977 quod
1333 924 1515 963 Kochius
1546 925 1730 976 speciose

250 989 377 1039 magis
422 1002 540 1040 quam
577 1001 673 1027 vere
704 991 947 1031 emendavit.
1006 993 1123 1033 Alius
1153 995 1313 1046 generis
1345 1001 1407 1032 est
1437 998 1628 1033 rutundus
1658 1001 1730 1032 An-

251 1073 317 1096 nos
345 1062 498 1095 Mem-:10
526 1059 575 1098 fr.
598 1065 640 1099 4:
669 1060 719 1099 de
742 1075 819 1113 quo
842 1063 1124 1102 Lachmannus
1146 1065 1198 1103 ad
1219 1065 1397 1104 Lucretii
1421 1065 1566 1103 librum
1584 1067 1628 1104 II
1648 1072 1729 1108 40⁶2.

363 1140 567 1190 Alterum,
607 1143 715 1194 quod
753 1144 855 1192 dixi,
895 1159 919 1183 a
950 1145 1135 1197 Roepero
1166 1152 1383 1184 tractatum
1415 1147 1643 1198 exemplum
1672 1148 1729 1186 le*

249 1211 355 1261 gitur
383 1212 424 1249 in
455 1218 592 1250 satura
620 1217 689 1250 Tov
716 1219 859 1252 Hunoc
885 1219 931 1251 Το
950 1219 1102 1252 manos
1137 1216 1184 1255 fr.
1216 1223 1238 1258 4
1268 1231 1313 1255 ac
1342 1231 1475 1266 quare,
1501 1221 1536 1256 si
1555 1221 1619 1257 diu
1637 1230 1731 1268 qens

248 1287 305 1319 esc
343 1284 395 1320 ad
424 1269 631 1329 amussim,
665 1295 741 1332 per
777 1298 834 1323 me
872 1289 958 1324 licet
985 1289 1166 1327 adsumas
1193 1295 1299 1328 teneo
1328 1284 1479 1327 ὃιοῖκον.
1541 1288 1610 1327 Sic
1639 1288 1731 1327 libri

250 1352 370 1390 Nonii
396 1366 435 1404 p.
467 1359 501 1400 9,
535 1348 587 1400 15,
619 1354 696 1392 nisi
726 1356 832 1408 quod
866 1371 912 1396 ac
942 1360 1074 1398 omisit
1104 1359 1317 1398 Leidensis
1343 1365 1382 1398 et
1403 1358 1729 1409 Bambergensis,

248 1434 368 1474 quam
406 1423 644 1473 particulam
681 1432 783 1477 pute
815 1440 865 1465 ex
903 1429 1009 1467 tituli
1046 1430 1156 1468 exitu
1194 1436 1319 1468 ortam
1348 1443 1458 1468 esse:
1492 1434 1731 1467 ΙΙΑιΔοποιῑΑο

252 1495 391 1540 Quare.
453 1493 521 1532 Sic
559 1496 666 1534 enim
696 1499 856 1549 saepius
886 1506 1108 1551 peccarunt
1136 1499 1310 1547 librarii,
1342 1506 1385 1538 ut
1413 1515 1451 1552 p.
1476 1505 1534 1548 71,
1566 1506 1613 1541 30
1639 1497 1730 1550 περὶ

249 1555 402 1613 εὖτερία
423 1578 469 1602 ac
494 1570 534 1603 tu
555 1570 725 1615 quidem:
746 1568 822 1607 fuit
841 1570 945 1608 enim
961 1567 1049 1618 περὶ
1067 1575 1260 1608 Ewrnmc
1280 1573 1379 1620 Tuq;
1403 1574 1511 1609 idem.
1551 1570 1634 1609 Sed
1653 1570 1732 1609 hoc

248 1634 535 1673 leviusculum:
569 1638 757 1686 graviora
781 1646 936 1679 restant
960 1643 999 1679 in
1023 1642 1110 1693 ipso
1134 1642 1379 1692 fragmento:
1403 1640 1510 1693 quod
1532 1640 1730 1680 Oehlerus

250 1704 501 1743 ‘coniectura
526 1708 765 1746 certissima’
787 1709 861 1748 sibi
882 1711 990 1748 visus
1018 1717 1080 1749 est
1107 1712 1332 1751 restituisse
1356 1713 1397 1750 in
1420 1712 1526 1750 hunc
1549 1712 1728 1752 modum:

251 1777 380 1820 Quare
411 1779 445 1813 si
479 1777 667 1825 Dioqenes
699 1784 754 1816 est
792 1782 845 1818 ad
878 1783 1078 1826 amussim,
1120 1794 1196 1829 per
1233 1793 1289 1818 me
1327 1785 1411 1819 licet
1450 1786 1631 1822 adsumas
1665 1796 1726 1834 γε·

249 1840 478 1885 νεθλιακόν.
537 1847 697 1886 Vellem
726 1849 760 1887 is
790 1863 903 1888 suum
926 1853 1132 1890 inventum
1159 1852 1284 1891 verbo
1312 1853 1591 1905 explicuisset:
1635 1867 1729 1892 nam

249 1930 355 1968 quae
385 1916 577 1956 subiecit:
609 1917 832 1969 ‘Diogenes
865 1923 1036 1961 sortasse
1073 1928 1135 1961 est
1163 1922 1234 1961 ille
1266 1922 1537 1975 Babylonius,
1568 1924 1729 1963 Stoicus

249 1987 556 2035 celeberrimus,
597 1989 706 2028 cuius
744 1989 889 2029 librum
922 1991 972 2031 de
1010 1992 1257 2031 divinatione
1296 1994 1458 2045 saepius
1495 1993 1636 2034 laudat
1664 1994 1728 2033 Ci-

249 2070 341 2095 cero
371 2058 412 2095 in
441 2071 512 2096 suo
538 2059 793 2109 cognomini',
824 2074 900 2099 nec
930 2063 1201 2101 emendationi
1225 2063 1347 2102 fidem
1376 2078 1452 2103 nec
1483 2065 1615 2104 lucem
1638 2079 1727 2104 sen-

247 2126 400 2164 tentiae
438 2127 623 2166 afferunt.
684 2129 768 2168 Sed
805 2130 910 2168 hanc
948 2131 1132 2183 quidem,
1173 2140 1217 2171 ut
1247 2135 1427 2172 omittam
1455 2135 1570 2183 alios,
1602 2136 1728 2174 veris-

247 2196 345 2235 sime
373 2196 584 2249 Roeperus
612 2201 811 2251 percepit:

1057 2305 1178 2352 quare
1207 2308 1242 2343 si
1266 2308 1446 2354 acl-divas
1473 2309 1540 2345 tibi

520 2374 619 2410 Gens
647 2373 699 2410 e'ae
727 2375 907 2421 amussim
939 2373 1159 2426 [pe'rtinet],
1184 2388 1260 2425 per
1290 2377 1350 2414 me'
1377 2380 1462 2416 licet

518 2445 706 2481 Adsumas
733 2450 890 2482 stemma
923 2439 1086 2483 Διακόν.

247 2542 404 2593 Lepide
431 2544 537 2582 enim
566 2545 616 2592 ei,
648 2546 715 2597 qui
741 2545 877 2584 nobile
908 2552 948 2584 et
977 2546 1079 2584 adeo
1105 2546 1280 2585 divinum
1309 2562 1437 2598 genus
1469 2563 1582 2589 suum
1603 2550 1726 2588 iacta-

247 2618 384 2661 verat,
420 2614 559 2652 nescio
589 2616 678 2666 quis
708 2615 765 2652 ita
794 2615 1036 2667 respondet,
1074 2623 1117 2654 ut
1144 2631 1216 2668 per
1246 2632 1289 2656 se
1322 2619 1483 2670 quidem
1513 2619 1638 2658 licere
1668 2619 1725 2658 di-

249 2689 316 2722 cat
351 2684 413 2722 illi
450 2685 517 2723 vel
554 2699 578 2722 a
613 2686 714 2724 Iove
746 2685 833 2737 ipso
860 2699 982 2748 =suam
1016 2693 1200 2738 repetere
1224 2694 1400 2738 gentem.
1460 2689 1726 2741 Atque'haec

248 2753 411 2805 quidem
440 2755 653 2803 sententia,
686 2764 789 2807 quae
820 2757 956 2794 nescio
988 2771 1107 2809 quam
1138 2759 1300 2808 egregie
1331 2760 1523 2797 Varronis
1553 2766 1727 2797 mentem

246 2824 418 2871 referat,
461 2825 530 2863 vel
575 2840 597 2865 e
637 2827 751 2877 gravi
793 2827 1022 2878 corruptela
1055 2826 1267 2866 verborum
1307 2828 1527 2880 dispicitur.
1589 2828 1725 2879 Quare

247 2893 416 2933 videbor
472 2895 567 2934 mihi
620 2909 734 2934 omne
789 2903 982 2948 punctum
1037 2898 1197 2946 tulisse,
1262 2899 1295 2937 si
1340 2899 1472 2938 lenius
1523 2899 1723 2953 Roepero,
