<?xml version="1.0" encoding="UTF-8"?>
<!DOCTYPE html PUBLIC "-//W3C//DTD XHTML 1.0 Transitional//EN"
    "http://www.w3.org/TR/xhtml1/DTD/xhtml1-transitional.dtd">
<html xmlns="http://www.w3.org/1999/xhtml" xml:lang="en" lang="en">
 <head>
  <title>
</title>
<meta http-equiv="Content-Type" content="text/html;charset=utf-8" />
  <meta name='ocr-system' content='tesseract 3.04.00' />
  <meta name='ocr-capabilities' content='ocr_page ocr_carea ocr_par ocr_line ocrx_word'/>
</head>
<body>
  <div class='ocr_page' id='page_1' title='image "./inmterentivarron00vahluoft/inmterentivarron00vahluoft_0032.png"; bbox 0 0 1898 3236; ppageno 0'>
   <div class='ocr_carea' id='block_1_1' title="bbox 256 241 1167 283">
    <p class='ocr_par' dir='ltr' id='par_1_1' title="bbox 256 241 1167 283">
     <span class='ocr_line' id='line_1_1' title="bbox 256 241 1167 283; baseline 0.004 -4"><span class='ocrx_word' id='word_1_1' title='bbox 256 241 309 280; x_wconf 85' lang='lat'><strong>22</strong></span> <span class='ocrx_word' id='word_1_2' title='bbox 827 250 1167 283; x_wconf 70' lang='lat' dir='ltr'><strong>conchANEA.</strong></span> 
     </span>
    </p>
   </div>
   <div class='ocr_carea' id='block_1_2' title="bbox 255 354 1736 534">
    <p class='ocr_par' dir='ltr' id='par_1_2' title="bbox 255 354 1736 534">
     <span class='ocr_line' id='line_1_2' title="bbox 257 354 1735 401; baseline 0.006 -9"><span class='ocrx_word' id='word_1_3' title='bbox 257 354 319 393; x_wconf 90' lang='lat' dir='ltr'><strong>lus</strong></span> <span class='ocrx_word' id='word_1_4' title='bbox 355 360 396 393; x_wconf 88' lang='lat' dir='ltr'><strong>at</strong></span> <span class='ocrx_word' id='word_1_5' title='bbox 426 354 574 394; x_wconf 84' lang='lat' dir='ltr'><strong>Graeci</strong></span> <span class='ocrx_word' id='word_1_6' title='bbox 605 355 865 395; x_wconf 87' lang='lat' dir='ltr'><strong>admiserunt.</strong></span> <span class='ocrx_word' id='word_1_7' title='bbox 927 355 1010 394; x_wconf 83' lang='lat' dir='ltr'><strong>Sed</strong></span> <span class='ocrx_word' id='word_1_8' title='bbox 1039 355 1223 396; x_wconf 84' lang='lat' dir='ltr'><strong>dubitant</strong></span> <span class='ocrx_word' id='word_1_9' title='bbox 1253 357 1303 397; x_wconf 91' lang='lat' dir='ltr'><strong>de</strong></span> <span class='ocrx_word' id='word_1_10' title='bbox 1337 359 1570 400; x_wconf 80' lang='lat' dir='ltr'>sinceritate</span> <span class='ocrx_word' id='word_1_11' title='bbox 1600 365 1735 401; x_wconf 78' lang='lat' dir='ltr'><strong>tibinos</strong></span> 
     </span>
     <span class='ocr_line' id='line_1_3' title="bbox 255 425 1736 483; baseline 0.006 -21"><span class='ocrx_word' id='word_1_12' title='bbox 255 425 389 472; x_wconf 83' lang='lat' dir='ltr'><strong>vocis,</strong></span> <span class='ocrx_word' id='word_1_13' title='bbox 421 438 526 476; x_wconf 87' lang='lat' dir='ltr'><strong>quae</strong></span> <span class='ocrx_word' id='word_1_14' title='bbox 555 425 625 462; x_wconf 94' lang='lat' dir='ltr'><strong>illo</strong></span> <span class='ocrx_word' id='word_1_15' title='bbox 656 439 734 463; x_wconf 92' lang='lat' dir='ltr'><strong>uno</strong></span> <span class='ocrx_word' id='word_1_16' title='bbox 764 426 887 464; x_wconf 92' lang='lat' dir='ltr'><strong>Nonii</strong></span> <span class='ocrx_word' id='word_1_17' title='bbox 917 425 1148 465; x_wconf 87' lang='lat' dir='ltr'><strong>testimonio</strong></span> <span class='ocrx_word' id='word_1_18' title='bbox 1177 429 1329 468; x_wconf 86' lang='lat' dir='ltr'><strong>nititur.</strong></span> <span class='ocrx_word' id='word_1_19' title='bbox 1383 430 1530 483; x_wconf 83' lang='lat' dir='ltr'><strong>Itaque</strong></span> <span class='ocrx_word' id='word_1_20' title='bbox 1553 431 1736 483; x_wconf 78' lang='lat' dir='ltr'>Scaliger</span> 
     </span>
     <span class='ocr_line' id='line_1_4' title="bbox 255 494 740 534; baseline 0.002 -2"><span class='ocrx_word' id='word_1_21' title='bbox 255 494 362 534; x_wconf 90' lang='lat' dir='ltr'><strong>hunc</strong></span> <span class='ocrx_word' id='word_1_22' title='bbox 391 508 553 533; x_wconf 89' lang='lat' dir='ltr'><strong>versum</strong></span> <span class='ocrx_word' id='word_1_23' title='bbox 584 495 740 533; x_wconf 84' lang='lat' dir='ltr'><strong>effecit:</strong></span> 
     </span>
    </p>
   </div>
   <div class='ocr_carea' id='block_1_3' title="bbox 454 576 1420 624">
    <p class='ocr_par' dir='ltr' id='par_1_3' title="bbox 454 576 1420 624">
     <span class='ocr_line' id='line_1_5' title="bbox 454 576 1420 624; baseline 0.005 -13"><span class='ocrx_word' id='word_1_24' title='bbox 454 576 617 612; x_wconf 77' lang='lat' dir='ltr'><strong>sonitum</strong></span> <span class='ocrx_word' id='word_1_25' title='bbox 647 576 751 612; x_wconf 82' lang='lat' dir='ltr'><strong>aeris</strong></span> <span class='ocrx_word' id='word_1_26' title='bbox 779 577 1017 613; x_wconf 82' lang='lat' dir='ltr'><strong>intonamus.-</strong></span> <span class='ocrx_word' id='word_1_27' title='bbox 1052 578 1118 615; x_wconf 79' lang='lat' dir='ltr'><strong>tibi</strong></span> <span class='ocrx_word' id='word_1_28' title='bbox 1145 589 1214 615; x_wconf 83' lang='lat' dir='ltr'><strong>nos</strong></span> <span class='ocrx_word' id='word_1_29' title='bbox 1242 580 1420 624; x_wconf 84' lang='lat' dir='ltr'><strong>semiviri,</strong></span> 
     </span>
    </p>
   </div>
   <div class='ocr_carea' id='block_1_4' title="bbox 250 662 1787 997">
    <p class='ocr_par' dir='ltr' id='par_1_4' title="bbox 250 662 1787 997">
     <span class='ocr_line' id='line_1_6' title="bbox 254 662 1735 716; baseline 0.005 -16"><span class='ocrx_word' id='word_1_30' title='bbox 254 662 362 701; x_wconf 91' lang='lat' dir='ltr'><strong>unde</strong></span> <span class='ocrx_word' id='word_1_31' title='bbox 389 663 650 715; x_wconf 85' lang='lat' dir='ltr'><strong>intellegitur,</strong></span> <span class='ocrx_word' id='word_1_32' title='bbox 682 663 779 716; x_wconf 90' lang='lat' dir='ltr'><strong>quid</strong></span> <span class='ocrx_word' id='word_1_33' title='bbox 807 678 856 703; x_wconf 88' lang='lat' dir='ltr'><strong>ex</strong></span> <span class='ocrx_word' id='word_1_34' title='bbox 884 664 947 704; x_wconf 87' lang='lat' dir='ltr'><strong>his</strong></span> <span class='ocrx_word' id='word_1_35' title='bbox 975 669 1110 705; x_wconf 80' lang='lat' dir='ltr'><strong>matris</strong></span> <span class='ocrx_word' id='word_1_36' title='bbox 1137 670 1247 705; x_wconf 82' lang='lat' dir='ltr'><strong>deum</strong></span> <span class='ocrx_word' id='word_1_37' title='bbox 1278 668 1470 707; x_wconf 87' lang='lat' dir='ltr'><strong>effecerit.</strong></span> <span class='ocrx_word' id='word_1_38' title='bbox 1528 669 1735 707; x_wconf 87' lang='lat' dir='ltr'><strong>Mercerus</strong></span> 
     </span>
     <span class='ocr_line' id='line_1_7' title="bbox 253 732 1735 788; baseline 0.005 -18"><span class='ocrx_word' id='word_1_39' title='bbox 253 733 294 771; x_wconf 92' lang='lat' dir='ltr'><strong>in</strong></span> <span class='ocrx_word' id='word_1_40' title='bbox 322 732 413 770; x_wconf 91' lang='lat' dir='ltr'><strong>loco</strong></span> <span class='ocrx_word' id='word_1_41' title='bbox 443 733 565 772; x_wconf 91' lang='lat' dir='ltr'><strong>Nonii</strong></span> <span class='ocrx_word' id='word_1_42' title='bbox 593 747 673 772; x_wconf 90' lang='lat' dir='ltr'><strong>non</strong></span> <span class='ocrx_word' id='word_1_43' title='bbox 703 734 780 772; x_wconf 91' lang='lat' dir='ltr'><strong>nisi</strong></span> <span class='ocrx_word' id='word_1_44' title='bbox 809 734 912 773; x_wconf 90' lang='lat' dir='ltr'><strong>haec</strong></span> <span class='ocrx_word' id='word_1_45' title='bbox 938 736 1132 775; x_wconf 85' lang='lat' dir='ltr'><strong>Varronis</strong></span> <span class='ocrx_word' id='word_1_46' title='bbox 1168 751 1260 776; x_wconf 86' lang='lat' dir='ltr'><strong>esse</strong></span> <span class='ocrx_word' id='word_1_47' title='bbox 1297 739 1488 777; x_wconf 87' lang='lat' dir='ltr'><strong>affirmat:</strong></span> <span class='ocrx_word' id='word_1_48' title='bbox 1536 741 1735 788; x_wconf 73' lang='lat' dir='ltr'><strong>Tympana</strong></span> 
     </span>
     <span class='ocr_line' id='line_1_8' title="bbox 252 802 1787 855; baseline 0.007 -15"><span class='ocrx_word' id='word_1_49' title='bbox 252 816 328 841; x_wconf 85' lang='lat' dir='ltr'><strong>non</strong></span> <span class='ocrx_word' id='word_1_50' title='bbox 355 805 461 840; x_wconf 82' lang='lat' dir='ltr'><strong>mani</strong></span> <span class='ocrx_word' id='word_1_51' title='bbox 480 802 577 855; x_wconf 89' lang='lat' dir='ltr'><strong>(sic)</strong></span> <span class='ocrx_word' id='word_1_52' title='bbox 607 807 731 842; x_wconf 80' lang='lat' dir='ltr'><strong>sonitu</strong></span> <span class='ocrx_word' id='word_1_53' title='bbox 757 808 891 843; x_wconf 85' lang='lat' dir='ltr'><strong>matris</strong></span> <span class='ocrx_word' id='word_1_54' title='bbox 917 809 1027 844; x_wconf 84' lang='lat' dir='ltr'><strong>deum</strong></span> <span class='ocrx_word' id='word_1_55' title='bbox 1057 811 1243 846; x_wconf 82' lang='lat' dir='ltr'><strong>tonimus:</strong></span> <span class='ocrx_word' id='word_1_56' title='bbox 1274 811 1340 847; x_wconf 79' lang='lat' dir='ltr'><strong>tibi</strong></span> <span class='ocrx_word' id='word_1_57' title='bbox 1361 821 1430 847; x_wconf 85' lang='lat' dir='ltr'><strong>nos</strong></span> <span class='ocrx_word' id='word_1_58' title='bbox 1455 813 1642 849; x_wconf 80' lang='lat' dir='ltr'><strong>semiviri.-</strong></span> <span class='ocrx_word' id='word_1_59' title='bbox 1671 824 1732 849; x_wconf 89' lang='lat' dir='ltr'><strong>re·</strong></span> <span class='ocrx_word' id='word_1_60' title='bbox 1782 802 1787 806; x_wconf 56' lang='grc'><strong>”</strong></span> 
     </span>
     <span class='ocr_line' id='line_1_9' title="bbox 250 871 1731 928; baseline 0.007 -18"><span class='ocrx_word' id='word_1_61' title='bbox 250 872 363 924; x_wconf 89' lang='lat' dir='ltr'><strong>liqua</strong></span> <span class='ocrx_word' id='word_1_62' title='bbox 386 871 437 911; x_wconf 89' lang='lat' dir='ltr'><strong>de</strong></span> <span class='ocrx_word' id='word_1_63' title='bbox 466 871 601 912; x_wconf 89' lang='lat' dir='ltr'><strong>tibinis</strong></span> <span class='ocrx_word' id='word_1_64' title='bbox 628 873 758 913; x_wconf 88' lang='lat' dir='ltr'><strong>modis</strong></span> <span class='ocrx_word' id='word_1_65' title='bbox 781 875 889 914; x_wconf 88' lang='lat' dir='ltr'><strong>mala</strong></span> <span class='ocrx_word' id='word_1_66' title='bbox 914 890 1033 915; x_wconf 88' lang='lat' dir='ltr'><strong>manu</strong></span> <span class='ocrx_word' id='word_1_67' title='bbox 1058 877 1223 917; x_wconf 82' lang='lat' dir='ltr'><strong>inserta.</strong></span> <span class='ocrx_word' id='word_1_68' title='bbox 1274 880 1532 919; x_wconf 87' lang='lat' dir='ltr'><strong>Hermannus</strong></span> <span class='ocrx_word' id='word_1_69' title='bbox 1556 893 1731 928; x_wconf 88' lang='lat' dir='ltr'><strong>versum,</strong></span> 
     </span>
     <span class='ocr_line' id='line_1_10' title="bbox 252 943 1330 997; baseline 0.007 -17"><span class='ocrx_word' id='word_1_70' title='bbox 252 955 371 994; x_wconf 90' lang='lat' dir='ltr'><strong>quem</strong></span> <span class='ocrx_word' id='word_1_71' title='bbox 400 943 495 982; x_wconf 92' lang='lat' dir='ltr'><strong>olim</strong></span> <span class='ocrx_word' id='word_1_72' title='bbox 523 957 664 996; x_wconf 87' lang='lat' dir='ltr'><strong>parum</strong></span> <span class='ocrx_word' id='word_1_73' title='bbox 691 945 956 997; x_wconf 77' lang='lat' dir='ltr'><strong>probabiliter</strong></span> <span class='ocrx_word' id='word_1_74' title='bbox 983 947 1041 985; x_wconf 88' lang='lat' dir='ltr'><strong>ita</strong></span> <span class='ocrx_word' id='word_1_75' title='bbox 1066 947 1330 988; x_wconf 80' lang='lat' dir='ltr'><strong>formaverat:</strong></span> 
     </span>
    </p>
   </div>
   <div class='ocr_carea' id='block_1_5' title="bbox 653 1038 1136 1076">
    <p class='ocr_par' dir='ltr' id='par_1_5' title="bbox 653 1038 1136 1076">
     <span class='ocr_line' id='line_1_11' title="bbox 653 1038 1136 1076; baseline 0.006 -3"><span class='ocrx_word' id='word_1_76' title='bbox 653 1038 815 1074; x_wconf 76' lang='lat' dir='ltr'><strong>tonimus</strong></span> <span class='ocrx_word' id='word_1_77' title='bbox 844 1039 972 1076; x_wconf 85' lang='lat' dir='ltr'><strong>modos</strong></span> <span class='ocrx_word' id='word_1_78' title='bbox 1002 1039 1136 1076; x_wconf 78' lang='lat' dir='ltr'><strong>tibinos</strong></span> 
     </span>
    </p>
   </div>
   <div class='ocr_carea' id='block_1_6' title="bbox 250 1124 873 1178">
    <p class='ocr_par' dir='ltr' id='par_1_6' title="bbox 250 1124 873 1178">
     <span class='ocr_line' id='line_1_12' title="bbox 250 1124 873 1178; baseline 0.005 -17"><span class='ocrx_word' id='word_1_79' title='bbox 250 1129 395 1175; x_wconf 89' lang='lat' dir='ltr'><strong>postea</strong></span> <span class='ocrx_word' id='word_1_80' title='bbox 421 1137 607 1163; x_wconf 85' lang='lat' dir='ltr'><strong>mancum</strong></span> <span class='ocrx_word' id='word_1_81' title='bbox 637 1124 873 1178; x_wconf 76' lang='lat' dir='ltr'><strong>adscripsit:</strong></span> 
     </span>
    </p>
   </div>
   <div class='ocr_carea' id='block_1_7' title="bbox 451 1192 1341 1256">
    <p class='ocr_par' dir='ltr' id='par_1_7' title="bbox 451 1192 1341 1256">
     <span class='ocr_line' id='line_1_13' title="bbox 451 1192 1341 1256; baseline 0.004 -4"><span class='ocrx_word' id='word_1_82' title='bbox 451 1217 612 1253; x_wconf 76' lang='lat' dir='ltr'><strong>canimus</strong></span> <span class='ocrx_word' id='word_1_83' title='bbox 644 1245 780 1254; x_wconf 89' lang='grc'><strong>.....</strong></span> <span class='ocrx_word' id='word_1_84' title='bbox 813 1219 882 1255; x_wconf 84' lang='lat' dir='ltr'><strong>tibi</strong></span> <span class='ocrx_word' id='word_1_85' title='bbox 909 1229 1011 1255; x_wconf 84' lang='lat' dir='ltr'><strong>nunc</strong></span> <span class='ocrx_word' id='word_1_86' title='bbox 1042 1220 1220 1256; x_wconf 86' lang='lat' dir='ltr'><strong>semiviri.</strong></span> <span class='ocrx_word' id='word_1_87' title='bbox 1316 1192 1341 1217; x_wconf 57' lang='grc'><strong>.</strong></span> 
     </span>
    </p>
   </div>
   <div class='ocr_carea' id='block_1_8' title="bbox 247 1303 1730 1413">
    <p class='ocr_par' dir='ltr' id='par_1_8' title="bbox 247 1303 1730 1413">
     <span class='ocr_line' id='line_1_14' title="bbox 248 1303 1730 1360; baseline 0.006 -20"><span class='ocrx_word' id='word_1_88' title='bbox 248 1303 437 1354; x_wconf 88' lang='lat' dir='ltr'><strong>Denique</strong></span> <span class='ocrx_word' id='word_1_89' title='bbox 474 1317 603 1356; x_wconf 84' lang='lat' dir='ltr'><strong>nuper</strong></span> <span class='ocrx_word' id='word_1_90' title='bbox 638 1305 871 1358; x_wconf 87' lang='lat' dir='ltr'><strong>Roeperus,</strong></span> <span class='ocrx_word' id='word_1_91' title='bbox 910 1320 988 1360; x_wconf 81' lang='lat' dir='ltr'><strong>quo</strong></span> <span class='ocrx_word' id='word_1_92' title='bbox 1025 1307 1173 1346; x_wconf 89' lang='lat' dir='ltr'><strong>tibinos</strong></span> <span class='ocrx_word' id='word_1_93' title='bbox 1211 1308 1351 1348; x_wconf 87' lang='lat' dir='ltr'><strong>modos</strong></span> <span class='ocrx_word' id='word_1_94' title='bbox 1390 1310 1583 1359; x_wconf 87' lang='lat' dir='ltr'><strong>evitaret,</strong></span> <span class='ocrx_word' id='word_1_95' title='bbox 1624 1311 1730 1349; x_wconf 89' lang='lat' dir='ltr'><strong>hunc</strong></span> 
     </span>
     <span class='ocr_line' id='line_1_15' title="bbox 247 1375 615 1413; baseline 0.005 -2"><span class='ocrx_word' id='word_1_96' title='bbox 247 1386 408 1412; x_wconf 86' lang='lat' dir='ltr'><strong>versum</strong></span> <span class='ocrx_word' id='word_1_97' title='bbox 438 1375 615 1413; x_wconf 85' lang='lat' dir='ltr'><strong>effinxit:</strong></span> 
     </span>
    </p>
   </div>
   <div class='ocr_carea' id='block_1_9' title="bbox 450 1466 1402 1511">
    <p class='ocr_par' dir='ltr' id='par_1_9' title="bbox 450 1466 1402 1511">
     <span class='ocr_line' id='line_1_16' title="bbox 450 1466 1402 1511; baseline 0.007 -10"><span class='ocrx_word' id='word_1_98' title='bbox 450 1466 516 1502; x_wconf 81' lang='lat' dir='ltr'><strong>tibi</strong></span> <span class='ocrx_word' id='word_1_99' title='bbox 544 1470 686 1511; x_wconf 85' lang='lat' dir='ltr'><strong>mater,</strong></span> <span class='ocrx_word' id='word_1_100' title='bbox 719 1467 785 1504; x_wconf 78' lang='lat' dir='ltr'><strong>tibi</strong></span> <span class='ocrx_word' id='word_1_101' title='bbox 813 1478 881 1505; x_wconf 85' lang='lat' dir='ltr'><strong>nos</strong></span> <span class='ocrx_word' id='word_1_102' title='bbox 906 1480 1007 1506; x_wconf 83' lang='lat' dir='ltr'><strong>nunc</strong></span> <span class='ocrx_word' id='word_1_103' title='bbox 1035 1471 1197 1508; x_wconf 81' lang='lat' dir='ltr'><strong>tonimus</strong></span> <span class='ocrx_word' id='word_1_104' title='bbox 1226 1472 1402 1508; x_wconf 84' lang='lat' dir='ltr'><strong>semiviri.</strong></span> 
     </span>
    </p>
   </div>
   <div class='ocr_carea' id='block_1_10' title="bbox 245 1554 1729 1819">
    <p class='ocr_par' dir='ltr' id='par_1_10' title="bbox 245 1554 1729 1819">
     <span class='ocr_line' id='line_1_17' title="bbox 245 1554 1729 1613; baseline 0.007 -22"><span class='ocrx_word' id='word_1_105' title='bbox 245 1554 334 1592; x_wconf 89' lang='lat' dir='ltr'><strong>Nec</strong></span> <span class='ocrx_word' id='word_1_106' title='bbox 372 1554 510 1593; x_wconf 92' lang='lat' dir='ltr'><strong>hercle</strong></span> <span class='ocrx_word' id='word_1_107' title='bbox 547 1555 784 1594; x_wconf 83' lang='lat' dir='ltr'><strong>incredibile</strong></span> <span class='ocrx_word' id='word_1_108' title='bbox 816 1563 898 1604; x_wconf 88' lang='lat' dir='ltr'><strong>est,</strong></span> <span class='ocrx_word' id='word_1_109' title='bbox 942 1557 1118 1597; x_wconf 90' lang='lat' dir='ltr'><strong>Nonium</strong></span> <span class='ocrx_word' id='word_1_110' title='bbox 1147 1559 1215 1599; x_wconf 85' lang='lat' dir='ltr'><strong>vel</strong></span> <span class='ocrx_word' id='word_1_111' title='bbox 1242 1560 1380 1599; x_wconf 88' lang='lat' dir='ltr'><strong>nescio</strong></span> <span class='ocrx_word' id='word_1_112' title='bbox 1412 1574 1531 1613; x_wconf 89' lang='lat' dir='ltr'><strong>quem</strong></span> <span class='ocrx_word' id='word_1_113' title='bbox 1560 1561 1729 1602; x_wconf 90' lang='lat' dir='ltr'><strong>bardum</strong></span> 
     </span>
     <span class='ocr_line' id='line_1_18' title="bbox 245 1625 1727 1684; baseline 0.007 -22"><span class='ocrx_word' id='word_1_114' title='bbox 245 1626 312 1662; x_wconf 81' lang='lat' dir='ltr'><strong>tibi</strong></span> <span class='ocrx_word' id='word_1_115' title='bbox 340 1637 408 1663; x_wconf 83' lang='lat' dir='ltr'><strong>nos</strong></span> <span class='ocrx_word' id='word_1_116' title='bbox 435 1626 636 1678; x_wconf 86' lang='lat' dir='ltr'><strong>scriptura</strong></span> <span class='ocrx_word' id='word_1_117' title='bbox 665 1625 899 1679; x_wconf 89' lang='lat' dir='ltr'><strong>deceptum,</strong></span> <span class='ocrx_word' id='word_1_118' title='bbox 932 1628 1005 1666; x_wconf 91' lang='lat' dir='ltr'><strong>illa</strong></span> <span class='ocrx_word' id='word_1_119' title='bbox 1030 1629 1081 1668; x_wconf 87' lang='lat' dir='ltr'><strong>de</strong></span> <span class='ocrx_word' id='word_1_120' title='bbox 1102 1630 1231 1669; x_wconf 87' lang='lat' dir='ltr'><strong>modis</strong></span> <span class='ocrx_word' id='word_1_121' title='bbox 1256 1629 1391 1670; x_wconf 86' lang='lat' dir='ltr'><strong>tibinis</strong></span> <span class='ocrx_word' id='word_1_122' title='bbox 1417 1633 1727 1684; x_wconf 86' lang='lat' dir='ltr'><strong>excogitavisse.</strong></span> 
     </span>
     <span class='ocr_line' id='line_1_19' title="bbox 245 1694 1726 1752; baseline 0.007 -20"><span class='ocrx_word' id='word_1_123' title='bbox 245 1694 358 1746; x_wconf 78' lang='lat' dir='ltr'><strong>Quos</strong></span> <span class='ocrx_word' id='word_1_124' title='bbox 388 1694 482 1734; x_wconf 90' lang='lat' dir='ltr'><strong>hinc</strong></span> <span class='ocrx_word' id='word_1_125' title='bbox 513 1695 666 1736; x_wconf 87' lang='lat' dir='ltr'><strong>alienos</strong></span> <span class='ocrx_word' id='word_1_126' title='bbox 697 1711 788 1736; x_wconf 88' lang='lat' dir='ltr'><strong>esse</strong></span> <span class='ocrx_word' id='word_1_127' title='bbox 818 1698 910 1737; x_wconf 92' lang='lat' dir='ltr'><strong>ilico</strong></span> <span class='ocrx_word' id='word_1_128' title='bbox 946 1706 1136 1752; x_wconf 88' lang='lat' dir='ltr'><strong>apparet,</strong></span> <span class='ocrx_word' id='word_1_129' title='bbox 1178 1700 1247 1739; x_wconf 93' lang='lat' dir='ltr'><strong>ubi</strong></span> <span class='ocrx_word' id='word_1_130' title='bbox 1277 1701 1404 1741; x_wconf 89' lang='lat' dir='ltr'><strong>tribus</strong></span> <span class='ocrx_word' id='word_1_131' title='bbox 1433 1701 1513 1741; x_wconf 92' lang='lat' dir='ltr'><strong>illis</strong></span> <span class='ocrx_word' id='word_1_132' title='bbox 1541 1703 1726 1743; x_wconf 87' lang='lat' dir='ltr'><strong>versibus</strong></span> 
     </span>
     <span class='ocr_line' id='line_1_20' title="bbox 245 1765 1141 1819; baseline 0.006 -15"><span class='ocrx_word' id='word_1_133' title='bbox 245 1765 353 1805; x_wconf 91' lang='lat' dir='ltr'><strong>hunc</strong></span> <span class='ocrx_word' id='word_1_134' title='bbox 383 1772 568 1819; x_wconf 86' lang='lat' dir='ltr'><strong>quartum</strong></span> <span class='ocrx_word' id='word_1_135' title='bbox 598 1767 639 1806; x_wconf 93' lang='lat' dir='ltr'><strong>in</strong></span> <span class='ocrx_word' id='word_1_136' title='bbox 670 1769 913 1808; x_wconf 84' lang='lat' dir='ltr'><strong>consortium</strong></span> <span class='ocrx_word' id='word_1_137' title='bbox 944 1769 1141 1809; x_wconf 85' lang='lat' dir='ltr'><strong>adieceris</strong></span> 
     </span>
    </p>
   </div>
   <div class='ocr_carea' id='block_1_11' title="bbox 242 1859 1467 2081">
    <p class='ocr_par' dir='ltr' id='par_1_11' title="bbox 242 1859 1467 2081">
     <span class='ocr_line' id='line_1_21' title="bbox 446 1859 1467 1910; baseline 0.007 -16"><span class='ocrx_word' id='word_1_138' title='bbox 446 1859 610 1906; x_wconf 74' lang='lat' dir='ltr'><strong>Fryqios</strong></span> <span class='ocrx_word' id='word_1_139' title='bbox 633 1869 709 1906; x_wconf 80' lang='lat' dir='ltr'><strong>per</strong></span> <span class='ocrx_word' id='word_1_140' title='bbox 738 1870 826 1897; x_wconf 79' lang='lat' dir='ltr'><strong>ossa</strong></span> <span class='ocrx_word' id='word_1_141' title='bbox 855 1872 997 1899; x_wconf 85' lang='lat' dir='ltr'><strong>cornus</strong></span> <span class='ocrx_word' id='word_1_142' title='bbox 1026 1863 1170 1910; x_wconf 82' lang='lat' dir='ltr'><strong>liquida</strong></span> <span class='ocrx_word' id='word_1_143' title='bbox 1196 1866 1300 1900; x_wconf 81' lang='lat' dir='ltr'><strong>canit</strong></span> <span class='ocrx_word' id='word_1_144' title='bbox 1328 1865 1467 1901; x_wconf 81' lang='lat' dir='ltr'><strong>anima.</strong></span> 
     </span>
     <span class='ocr_line' id='line_1_22' title="bbox 242 1946 1342 2004; baseline 0.005 -19"><span class='ocrx_word' id='word_1_145' title='bbox 242 1946 389 1999; x_wconf 86' lang='lat' dir='ltr'><strong>Itaque</strong></span> <span class='ocrx_word' id='word_1_146' title='bbox 420 1960 527 1985; x_wconf 90' lang='lat' dir='ltr'><strong>nunc</strong></span> <span class='ocrx_word' id='word_1_147' title='bbox 556 1948 697 1987; x_wconf 86' lang='lat' dir='ltr'><strong>mutila</strong></span> <span class='ocrx_word' id='word_1_148' title='bbox 727 1948 829 1988; x_wconf 87' lang='lat' dir='ltr'><strong>haec</strong></span> <span class='ocrx_word' id='word_1_149' title='bbox 859 1949 989 1989; x_wconf 86' lang='lat' dir='ltr'><strong>forma</strong></span> <span class='ocrx_word' id='word_1_150' title='bbox 1018 1964 1160 1990; x_wconf 88' lang='lat' dir='ltr'><strong>versus</strong></span> <span class='ocrx_word' id='word_1_151' title='bbox 1190 1952 1342 2004; x_wconf 84' lang='lat' dir='ltr'><strong>prodit:</strong></span> 
     </span>
     <span class='ocr_line' id='line_1_23' title="bbox 443 2039 1242 2081; baseline 0.008 -6"><span class='ocrx_word' id='word_1_152' title='bbox 443 2039 511 2076; x_wconf 83' lang='lat' dir='ltr'><strong>tibi</strong></span> <span class='ocrx_word' id='word_1_153' title='bbox 537 2049 605 2076; x_wconf 85' lang='lat' dir='ltr'><strong>nos</strong></span> <span class='ocrx_word' id='word_1_154' title='bbox 639 2069 815 2077; x_wconf 90' lang='grc'><em>......</em></span> <span class='ocrx_word' id='word_1_155' title='bbox 848 2042 914 2078; x_wconf 82' lang='lat' dir='ltr'><strong>tibi</strong></span> <span class='ocrx_word' id='word_1_156' title='bbox 941 2053 1043 2079; x_wconf 82' lang='lat' dir='ltr'><strong>nunc</strong></span> <span class='ocrx_word' id='word_1_157' title='bbox 1072 2044 1242 2081; x_wconf 80' lang='lat' dir='ltr'><strong>semiviri</strong></span> 
     </span>
    </p>
   </div>
   <div class='ocr_carea' id='block_1_12' title="bbox 240 2127 1726 2462">
    <p class='ocr_par' dir='ltr' id='par_1_12' title="bbox 240 2127 1726 2462">
     <span class='ocr_line' id='line_1_24' title="bbox 241 2127 1726 2186; baseline 0.006 -21"><span class='ocrx_word' id='word_1_158' title='bbox 241 2128 283 2165; x_wconf 90' lang='lat' dir='ltr'><strong>in</strong></span> <span class='ocrx_word' id='word_1_159' title='bbox 305 2141 386 2180; x_wconf 88' lang='lat' dir='ltr'><strong>qua</strong></span> <span class='ocrx_word' id='word_1_160' title='bbox 413 2127 599 2166; x_wconf 88' lang='lat' dir='ltr'><strong>standum</strong></span> <span class='ocrx_word' id='word_1_161' title='bbox 622 2129 716 2176; x_wconf 89' lang='lat' dir='ltr'><strong>erit,</strong></span> <span class='ocrx_word' id='word_1_162' title='bbox 745 2142 797 2167; x_wconf 91' lang='lat' dir='ltr'><strong>ne</strong></span> <span class='ocrx_word' id='word_1_163' title='bbox 822 2130 948 2168; x_wconf 87' lang='lat' dir='ltr'><strong>omnis</strong></span> <span class='ocrx_word' id='word_1_164' title='bbox 972 2131 1032 2169; x_wconf 90' lang='lat' dir='ltr'><strong>rei</strong></span> <span class='ocrx_word' id='word_1_165' title='bbox 1054 2131 1319 2183; x_wconf 86' lang='lat' dir='ltr'><strong>probabilitas</strong></span> <span class='ocrx_word' id='word_1_166' title='bbox 1341 2127 1496 2186; x_wconf 82' lang='lat' dir='ltr'><strong>pereat.</strong></span> <span class='ocrx_word' id='word_1_167' title='bbox 1542 2133 1726 2186; x_wconf 83' lang='lat' dir='ltr'><strong>Scaliger</strong></span> 
     </span>
     <span class='ocr_line' id='line_1_25' title="bbox 243 2198 1726 2255; baseline 0.004 -18"><span class='ocrx_word' id='word_1_168' title='bbox 243 2198 405 2250; x_wconf 88' lang='lat' dir='ltr'><strong>quidem</strong></span> <span class='ocrx_word' id='word_1_169' title='bbox 420 2198 558 2250; x_wconf 88' lang='lat' dir='ltr'><strong>paullo</strong></span> <span class='ocrx_word' id='word_1_170' title='bbox 576 2199 813 2237; x_wconf 86' lang='lat' dir='ltr'><strong>insolentius</strong></span> <span class='ocrx_word' id='word_1_171' title='bbox 830 2213 992 2239; x_wconf 89' lang='lat' dir='ltr'><strong>versum</strong></span> <span class='ocrx_word' id='word_1_172' title='bbox 1007 2201 1199 2253; x_wconf 87' lang='lat' dir='ltr'><strong>explevit,</strong></span> <span class='ocrx_word' id='word_1_173' title='bbox 1220 2202 1444 2255; x_wconf 86' lang='lat' dir='ltr'><strong>Roeperus,</strong></span> <span class='ocrx_word' id='word_1_174' title='bbox 1464 2203 1558 2242; x_wconf 88' lang='lat' dir='ltr'><strong>dum</strong></span> <span class='ocrx_word' id='word_1_175' title='bbox 1578 2204 1726 2243; x_wconf 90' lang='lat' dir='ltr'><strong>bonum</strong></span> 
     </span>
     <span class='ocr_line' id='line_1_26' title="bbox 241 2270 1722 2326; baseline 0.004 -19"><span class='ocrx_word' id='word_1_176' title='bbox 241 2282 403 2307; x_wconf 87' lang='lat' dir='ltr'><strong>versum</strong></span> <span class='ocrx_word' id='word_1_177' title='bbox 423 2270 597 2316; x_wconf 88' lang='lat' dir='ltr'><strong>efferret,</strong></span> <span class='ocrx_word' id='word_1_178' title='bbox 625 2283 767 2321; x_wconf 90' lang='lat' dir='ltr'><strong>parum</strong></span> <span class='ocrx_word' id='word_1_179' title='bbox 787 2271 943 2308; x_wconf 89' lang='lat' dir='ltr'><strong>curavit</strong></span> <span class='ocrx_word' id='word_1_180' title='bbox 964 2271 1218 2312; x_wconf 85' lang='lat' dir='ltr'><strong>sententiam.</strong></span> <span class='ocrx_word' id='word_1_181' title='bbox 1251 2273 1351 2311; x_wconf 93' lang='lat' dir='ltr'><strong>Mihi</strong></span> <span class='ocrx_word' id='word_1_182' title='bbox 1373 2274 1722 2326; x_wconf 89' lang='lat' dir='ltr'><strong>circumspicienti,</strong></span> 
     </span>
     <span class='ocr_line' id='line_1_27' title="bbox 243 2339 1720 2396; baseline 0.005 -20"><span class='ocrx_word' id='word_1_183' title='bbox 243 2339 341 2392; x_wconf 89' lang='lat' dir='ltr'><strong>quid</strong></span> <span class='ocrx_word' id='word_1_184' title='bbox 365 2344 461 2392; x_wconf 88' lang='lat' dir='ltr'><strong>apte</strong></span> <span class='ocrx_word' id='word_1_185' title='bbox 481 2340 593 2378; x_wconf 80' lang='lat' dir='ltr'><strong>iuxta</strong></span> <span class='ocrx_word' id='word_1_186' title='bbox 613 2345 808 2391; x_wconf 84' lang='lat' dir='ltr'><strong>tympana</strong></span> <span class='ocrx_word' id='word_1_187' title='bbox 827 2340 959 2379; x_wconf 90' lang='lat' dir='ltr'><strong>locum</strong></span> <span class='ocrx_word' id='word_1_188' title='bbox 978 2341 1170 2391; x_wconf 89' lang='lat' dir='ltr'><strong>obtineat,</strong></span> <span class='ocrx_word' id='word_1_189' title='bbox 1205 2343 1392 2395; x_wconf 89' lang='lat' dir='ltr'><strong>cymbala</strong></span> <span class='ocrx_word' id='word_1_190' title='bbox 1412 2350 1625 2383; x_wconf 90' lang='lat' dir='ltr'><strong>occurrunt</strong></span> <span class='ocrx_word' id='word_1_191' title='bbox 1651 2343 1720 2396; x_wconf 90' lang='lat' dir='ltr'><strong>(cf.</strong></span> 
     </span>
     <span class='ocr_line' id='line_1_28' title="bbox 240 2408 1720 2462; baseline 0.007 -18"><span class='ocrx_word' id='word_1_192' title='bbox 240 2413 326 2446; x_wconf 69' lang='lat' dir='ltr'><strong>Eun.</strong></span> <span class='ocrx_word' id='word_1_193' title='bbox 349 2410 397 2448; x_wconf 87' lang='lat' dir='ltr'><strong>fr.</strong></span> <span class='ocrx_word' id='word_1_194' title='bbox 419 2408 496 2460; x_wconf 83' lang='lat'>35),</span> <span class='ocrx_word' id='word_1_195' title='bbox 527 2423 632 2462; x_wconf 88' lang='lat' dir='ltr'><strong>quae</strong></span> <span class='ocrx_word' id='word_1_196' title='bbox 654 2411 795 2462; x_wconf 83' lang='lat' dir='ltr'><strong>possit,</strong></span> <span class='ocrx_word' id='word_1_197' title='bbox 818 2411 882 2448; x_wconf 89' lang='lat' dir='ltr'><strong>cui</strong></span> <span class='ocrx_word' id='word_1_198' title='bbox 902 2410 1044 2450; x_wconf 89' lang='lat' dir='ltr'><strong>ludere</strong></span> <span class='ocrx_word' id='word_1_199' title='bbox 1070 2411 1183 2460; x_wconf 89' lang='lat' dir='ltr'><strong>libet,</strong></span> <span class='ocrx_word' id='word_1_200' title='bbox 1208 2414 1265 2451; x_wconf 86' lang='lat' dir='ltr'><strong>ita</strong></span> <span class='ocrx_word' id='word_1_201' title='bbox 1284 2414 1325 2451; x_wconf 91' lang='lat' dir='ltr'><strong>in</strong></span> <span class='ocrx_word' id='word_1_202' title='bbox 1345 2413 1531 2453; x_wconf 86' lang='lat' dir='ltr'><strong>lacunam</strong></span> <span class='ocrx_word' id='word_1_203' title='bbox 1551 2416 1720 2454; x_wconf 87' lang='lat' dir='ltr'><strong>inferre:</strong></span> 
     </span>
    </p>
   </div>
   <div class='ocr_carea' id='block_1_13' title="bbox 240 2499 1720 2647">
    <p class='ocr_par' dir='ltr' id='par_1_13' title="bbox 240 2499 1720 2647">
     <span class='ocr_line' id='line_1_29' title="bbox 442 2499 1503 2552; baseline 0.004 -14"><span class='ocrx_word' id='word_1_204' title='bbox 442 2502 508 2538; x_wconf 81' lang='lat' dir='ltr'><strong>tibi</strong></span> <span class='ocrx_word' id='word_1_205' title='bbox 531 2513 600 2539; x_wconf 85' lang='lat' dir='ltr'><strong>nos</strong></span> <span class='ocrx_word' id='word_1_206' title='bbox 625 2499 815 2551; x_wconf 78' lang='lat' dir='ltr'><strong>[cymbala</strong></span> <span class='ocrx_word' id='word_1_207' title='bbox 844 2501 1071 2552; x_wconf 77' lang='lat' dir='ltr'><strong>crepimu’]:</strong></span> <span class='ocrx_word' id='word_1_208' title='bbox 1103 2505 1169 2541; x_wconf 81' lang='lat' dir='ltr'><strong>tibi</strong></span> <span class='ocrx_word' id='word_1_209' title='bbox 1195 2517 1297 2541; x_wconf 82' lang='lat' dir='ltr'><strong>nunc</strong></span> <span class='ocrx_word' id='word_1_210' title='bbox 1326 2507 1503 2542; x_wconf 82' lang='lat' dir='ltr'><strong>semiviri.</strong></span> 
     </span>
     <span class='ocr_line' id='line_1_30' title="bbox 240 2590 1720 2647; baseline 0.004 -19"><span class='ocrx_word' id='word_1_211' title='bbox 240 2591 297 2629; x_wconf 91' lang='lat' dir='ltr'><strong>Ut</strong></span> <span class='ocrx_word' id='word_1_212' title='bbox 319 2591 398 2628; x_wconf 91' lang='lat' dir='ltr'><strong>iam</strong></span> <span class='ocrx_word' id='word_1_213' title='bbox 425 2590 528 2628; x_wconf 89' lang='lat' dir='ltr'><strong>haec</strong></span> <span class='ocrx_word' id='word_1_214' title='bbox 551 2603 688 2628; x_wconf 89' lang='lat' dir='ltr'><strong>eorum</strong></span> <span class='ocrx_word' id='word_1_215' title='bbox 708 2603 897 2628; x_wconf 88' lang='lat' dir='ltr'><strong>versuum</strong></span> <span class='ocrx_word' id='word_1_216' title='bbox 921 2592 1162 2631; x_wconf 88' lang='lat' dir='ltr'><strong>continuitas</strong></span> <span class='ocrx_word' id='word_1_217' title='bbox 1187 2607 1234 2631; x_wconf 90' lang='lat' dir='ltr'><strong>ac</strong></span> <span class='ocrx_word' id='word_1_218' title='bbox 1258 2593 1483 2632; x_wconf 83' lang='lat' dir='ltr'><strong>distributio</strong></span> <span class='ocrx_word' id='word_1_219' title='bbox 1507 2602 1720 2647; x_wconf 88' lang='lat' dir='ltr'><strong>appareat:</strong></span> 
     </span>
    </p>
   </div>
   <div class='ocr_carea' id='block_1_14' title="bbox 440 2682 1513 2942">
    <p class='ocr_par' dir='ltr' id='par_1_14' title="bbox 440 2682 1513 2942">
     <span class='ocr_line' id='line_1_31' title="bbox 444 2682 1473 2729; baseline 0.004 -11"><span class='ocrx_word' id='word_1_220' title='bbox 444 2682 527 2718; x_wconf 79' lang='lat' dir='ltr'><strong>Tibi</strong></span> <span class='ocrx_word' id='word_1_221' title='bbox 553 2686 716 2729; x_wconf 75' lang='lat' dir='ltr'><strong>typana,</strong></span> <span class='ocrx_word' id='word_1_222' title='bbox 749 2694 824 2719; x_wconf 83' lang='lat' dir='ltr'><strong>non</strong></span> <span class='ocrx_word' id='word_1_223' title='bbox 850 2683 976 2719; x_wconf 80' lang='lat' dir='ltr'><strong>inanis</strong></span> <span class='ocrx_word' id='word_1_224' title='bbox 1004 2685 1168 2728; x_wconf 80' lang='lat' dir='ltr'><strong>sonitus,</strong></span> <span class='ocrx_word' id='word_1_225' title='bbox 1197 2685 1265 2721; x_wconf 84' lang='lat' dir='ltr'><strong>libi</strong></span> <span class='ocrx_word' id='word_1_226' title='bbox 1291 2687 1473 2722; x_wconf 73' lang='lat' dir='ltr'><strong>lenimus:</strong></span> 
     </span>
     <span class='ocr_line' id='line_1_32' title="bbox 445 2750 1513 2803; baseline 0.004 -14"><span class='ocrx_word' id='word_1_227' title='bbox 445 2753 528 2790; x_wconf 86' lang='lat' dir='ltr'><strong>Tibi</strong></span> <span class='ocrx_word' id='word_1_228' title='bbox 554 2763 623 2789; x_wconf 77' lang='lat' dir='ltr'><strong>nos</strong></span> <span class='ocrx_word' id='word_1_229' title='bbox 652 2750 843 2801; x_wconf 73' lang='lat' dir='ltr'><strong>[cymbala</strong></span> <span class='ocrx_word' id='word_1_230' title='bbox 871 2753 1100 2803; x_wconf 69' lang='lat' dir='ltr'><strong>crepimu’J:</strong></span> <span class='ocrx_word' id='word_1_231' title='bbox 1129 2755 1196 2791; x_wconf 79' lang='lat' dir='ltr'><strong>tibi</strong></span> <span class='ocrx_word' id='word_1_232' title='bbox 1219 2766 1321 2792; x_wconf 83' lang='lat' dir='ltr'><strong>nunc</strong></span> <span class='ocrx_word' id='word_1_233' title='bbox 1345 2757 1513 2793; x_wconf 82' lang='lat' dir='ltr'><strong>semiviri</strong></span> 
     </span>
     <span class='ocr_line' id='line_1_33' title="bbox 445 2823 1485 2875; baseline 0.003 -16"><span class='ocrx_word' id='word_1_234' title='bbox 445 2825 614 2861; x_wconf 82' lang='lat' dir='ltr'><strong>Teretem</strong></span> <span class='ocrx_word' id='word_1_235' title='bbox 640 2834 786 2860; x_wconf 86' lang='lat' dir='ltr'><strong>comam</strong></span> <span class='ocrx_word' id='word_1_236' title='bbox 815 2825 999 2861; x_wconf 81' lang='lat' dir='ltr'><strong>volantem</strong></span> <span class='ocrx_word' id='word_1_237' title='bbox 1025 2826 1192 2862; x_wconf 80' lang='lat' dir='ltr'><strong>iactant:</strong></span> <span class='ocrx_word' id='word_1_238' title='bbox 1222 2826 1288 2862; x_wconf 82' lang='lat' dir='ltr'><strong>tibi</strong></span> <span class='ocrx_word' id='word_1_239' title='bbox 1316 2823 1485 2875; x_wconf 77' lang='lat' dir='ltr'><strong>[Cybele]</strong></span> 
     </span>
     <span class='ocr_line' id='line_1_34' title="bbox 440 2894 1456 2942; baseline 0.002 -12"><span class='ocrx_word' id='word_1_240' title='bbox 440 2894 604 2942; x_wconf 74' lang='lat' dir='ltr'><strong>Fryyios</strong></span> <span class='ocrx_word' id='word_1_241' title='bbox 630 2905 704 2942; x_wconf 84' lang='lat' dir='ltr'><strong>per</strong></span> <span class='ocrx_word' id='word_1_242' title='bbox 731 2905 818 2932; x_wconf 84' lang='lat' dir='ltr'><strong>ossa</strong></span> <span class='ocrx_word' id='word_1_243' title='bbox 843 2906 985 2932; x_wconf 83' lang='lat' dir='ltr'><strong>cornus</strong></span> <span class='ocrx_word' id='word_1_244' title='bbox 1013 2897 1158 2942; x_wconf 83' lang='lat' dir='ltr'><strong>liquida</strong></span> <span class='ocrx_word' id='word_1_245' title='bbox 1188 2899 1293 2933; x_wconf 81' lang='lat' dir='ltr'><strong>canit</strong></span> <span class='ocrx_word' id='word_1_246' title='bbox 1318 2896 1456 2932; x_wconf 82' lang='lat' dir='ltr'><strong>anima.</strong></span> 
     </span>
    </p>
   </div>
  </div>
 </body>
</html>
