1898 3236
212 244 219 250 ’
249 262 329 302 106
653 250 675 273 ⁰
816 267 1157 298 comncrANEA.

245 377 373 414 latere
413 375 564 427 opinati
602 378 712 411 sunt:
755 373 812 411 sic
841 372 1005 424 Lipsius
1035 374 1103 409 sub
1137 383 1332 418 occasum,
1369 372 1438 411 alii
1464 373 1532 411 vel
1560 375 1628 411 sub
1654 374 1723 412 vel

246 461 297 486 ecc
336 459 484 495 occasa.
545 445 715 490 Verum,
763 447 807 480 ut
843 447 960 493 puto,
999 442 1211 493 Roeperus
1240 443 1412 481 invenit:
1451 446 1590 482 buccas
1619 456 1722 491 suas,

247 515 583 570 quemadmodum
616 513 786 552 Plautus
823 513 864 550 in
901 512 1038 551 Sticho
1068 517 1132 553 721
1165 526 1225 565 sq.
1267 512 1322 565 (V
1351 519 1392 562 4,
1422 513 1510 566 40:
1546 527 1615 565 aye
1643 519 1723 554 tibi-

243 602 324 634 cen,
356 601 466 636 quom
493 584 625 631 bibisti,
656 586 765 633 refer
791 587 842 622 ad
871 586 999 621 labeas
1028 586 1149 630 tibias,
1180 586 1309 634 Suffla
1335 587 1511 623 celeriter
1542 587 1608 623 tibi
1634 587 1722 623 buc-

242 672 330 697 cas:
366 663 407 696 et
442 661 560 699 notus
598 661 660 693 est
692 655 842 693 buccas
873 656 1017 693 inflans
1046 655 1228 706 Iuppiter
1257 655 1518 693 Horatianus.
1578 654 1724 693 Eidem

242 730 429 781 Roepero
450 714 658 765 vdebentur
686 725 860 763 numeri:

523 846 530 854 .
564 822 695 854 ventus
725 817 864 854 baccas
892 827 984 853 suas
1018 815 1272 853 vehementius

444 886 616 936 Sufflare
646 893 682 924 et
707 889 839 924 calcar
869 885 1068 925 admovere
1095 885 1318 937 [flactibus]

239 980 303 1019 Ibi
342 985 386 1018 ut
420 978 491 1016 ille
526 977 663 1015 nescio
705 977 792 1028 quis
828 977 896 1027 qui
935 977 976 1014 in
1015 976 1342 1027 peregrinatione
1374 977 1627 1014 conflictatur
1661 977 1719 1015 in-

241 1054 451 1101 gruentem
485 1048 567 1087 vim
594 1047 727 1095 venti,
768 1046 826 1085 sic
856 1046 1086 1101 insequenti
1116 1047 1165 1084 fr.
1196 1047 1449 1086 imminentes
1480 1045 1627 1085 imbres
1657 1060 1718 1085 re·
1754 1085 1756 1087 .

242 1113 441 1158 formidat.

355 1206 400 1240 13
449 1199 582 1247 Uiqere
618 1196 777 1234 volitans
813 1197 967 1240 malms,
999 1207 1139 1243 aquam
1168 1207 1188 1233 e
1219 1198 1379 1234 nubibus
1409 1201 1547 1234 tortam
1577 1198 1721 1233 indicat

440 1268 546 1316 fore,
577 1271 618 1304 ut
646 1267 819 1303 texillum
847 1269 985 1313 pastor
1014 1266 1086 1303 sibi
1111 1270 1248 1304 sumat.

241 1360 305 1397 Ita
334 1357 426 1396 libri
456 1357 578 1395 Nonii
608 1370 646 1408 p.
680 1361 766 1402 179,
796 1362 833 1401 1,
876 1360 920 1394 ut
950 1356 1104 1394 mittam
1131 1354 1379 1394 leviusculos
1408 1354 1720 1409 describentium

243 1442 419 1467 errores:
442 1430 531 1477 soro
553 1433 593 1464 at
604 1442 616 1467 ‚·
633 1433 772 1474 pastor
791 1428 884 1464 subi.
914 1428 1085 1463 leonillam
1105 1425 1242 1463 dubito
1263 1438 1357 1463 num
1376 1426 1529 1464 servari
1549 1425 1717 1465 debeat:

241 1500 281 1537 in
316 1499 504 1537 lemmate
532 1498 653 1536 Nonii
677 1496 864 1535 scribitur
894 1497 1093 1546 ‘teyillum'
1120 1498 1417 1534 dimminutivum
1438 1502 1587 1534 alecto.
1635 1497 1719 1536 Sed

241 1570 404 1618 gravius
434 1568 697 1620 depravatum
727 1573 788 1606 est
811 1567 966 1605 initium
995 1567 1231 1618 fragmenti:
1253 1568 1295 1605 in
1318 1580 1397 1619 quo
1424 1570 1561 1606 miluus
1583 1581 1604 1606 e
1625 1571 1719 1606 mul-

241 1651 307 1676 sus
334 1651 436 1690 voce
465 1638 571 1675 Iunii
603 1639 807 1688 sagacitas
839 1637 997 1676 elicuit:
1039 1639 1151 1677 cuius
1184 1638 1506 1677 emendationem
1535 1639 1719 1690 Scaliger

240 1709 412 1760 perfecit
442 1709 483 1746 in
508 1709 779 1763 coniectaneis
804 1722 844 1759 p.
876 1714 933 1755 36,
962 1709 1030 1760 qui
1058 1709 1099 1746 in
1124 1712 1253 1759 zciyere
1285 1710 1408 1748 Nonii
1435 1710 1563 1748 latere
1589 1713 1719 1760 iuqere

239 1779 426 1832 pervidit.
486 1779 591 1817 Nam
627 1781 759 1828 iuqere
789 1769 895 1816 misai
921 1781 1121 1825 dicuntur,
1170 1794 1256 1819 cum
1286 1793 1411 1819 vocem
1441 1784 1630 1827 emittunt,
1674 1786 1717 1819 ut

242 1857 303 1889 est
333 1850 441 1903 apud
468 1850 639 1889 Paulum
665 1849 780 1888 Festi
809 1863 847 1901 p.
883 1854 950 1889 104
977 1849 1034 1887 M.
1087 1848 1149 1887 Of.
1181 1850 1271 1888 adn.
1298 1850 1494 1889 Muneris
1528 1852 1717 1903 Denique

242 1936 357 1960 omne
395 1926 586 1974 punctum
622 1920 713 1959 tulit
749 1920 980 1971 Roeperus‚
1026 1920 1095 1977 qui
1135 1921 1271 1958 ascitis
1300 1920 1407 1958 Iunii
1438 1921 1716 1973 Scaliger-ique

239 1993 413 2031 inventis
441 1991 568 2030 verba
595 1991 789 2031 Varronis
819 1991 866 2028 in«
890 1990 989 2029 duos
1020 1990 1208 2029 sotadeos
1240 1990 1456 2029 distribuit:

442 2083 582 2131 layere
612 2081 772 2120 volitans
801 2083 935 2119 milvus
966 2093 1105 2129 aquam
1132 2081 1154 2118 ε’
1180 2083 1344 2129 nubibas
1372 2082 1509 2119 to'rtam

436 2149 595 2191 'Iudicat
616 2153 716 2201 fore,
749 2153 790 2189 at
818 2153 982 2200 teyillum
1002 2150 1142 2198 pastor
1167 2153 1238 2189 sibi
1262 2153 1398 2189 sz'cmat.

240 2244 279 2281 A
309 2257 483 2295 quanam
511 2255 614 2281 voce
643 2242 747 2280 haec
776 2244 906 2290 iuyere
937 2243 1096 2279 volitans
1124 2254 1322 2293 suspensa
1351 2242 1521 2289 fuerint,
1553 2241 1718 2279 dubium

240 2320 312 2351 est.
374 2313 572 2363 Scaligeri
604 2315 726 2358 visas,
756 2312 944 2363 Roepero
977 2316 1207 2363 acceptum,
1240 2312 1355 2360 mihi,
1391 2325 1480 2350 cum
1511 2312 1714 2360 audiendi,

239 2383 491 2434 percipiendi
527 2381 769 2420 v'oeabulum
803 2382 1123 2433 expectaverim,
1163 2381 1363 2434 displicet.
1437 2382 1586 2421 Cetera
1615 2384 1713 2421 alio-

239 2465 326 2490 rum
356 2466 460 2503 quae
491 2453 702 2504 Roeperus
732 2452 936 2491 recensuit
967 2450 1080 2502 (addi
1110 2453 1241 2503 potuit
1270 2453 1419 2490 Kochii
1451 2459 1716 2492 commentum

240 2522 281 2558 in
311 2522 669 2560 exercitationibus
697 2536 736 2573 p.
772 2521 833 2572 29)
875 2523 1083 2573 ipsiusque
1122 2522 1299 2572 Roeperi
1338 2524 1548 2562 conamina
1581 2524 1716 2575 priora

238 2593 525 2642 praetermitto.
1154 2578 1160 2583 ⁹

350 2661 596 2700 Dubitanter
624 2661 685 2700 illi
717 2662 856 2711 generi
885 2661 1199 2711 fragmentorum
1230 2661 1335 2700 addo

354 2758 395 2792 16
454 2753 542 2790 Vias
588 2754 799 2800 stelliyeras
843 2753 1010 2789 aetheris
1052 2755 1254 2800 explicans
1294 2764 1383 2790 aere
1421 2765 1513 2790 cavo
1552 2754 1713 2789 sonitum

442 2826 502 2862 hic
532 2826 571 2860 in
599 2825 782 2860 coturnis.

239 2900 423 2953 Ascripsi
451 2901 591 2940 sordes
622 2901 744 2939 Nonii
778 2915 818 2952 p.
848 2906 927 2947 299,
955 2907 1012 2948 30,
1044 2913 1144 2952 quas
1164 2912 1281 2938 nemo
1312 2899 1572 2950 superiorum,
1605 2898 1713 2949 quod
