1898 3236
261 231 341 271 204
809 256 811 258 -
830 240 1169 272 CONlEcTANEA.

260 345 334 384 bus
370 346 600 395 insignitam
634 345 772 383 fuisse.
832 345 1069 398 Eademque
1098 346 1426 395 ratiocinatione,
1473 361 1553 400 qua
1580 354 1737 387 saturus

259 418 509 463 evincamus,
542 416 599 453 uti
634 416 731 454 licet
762 429 850 454 cum
873 417 915 454 in
940 416 1281 470 Quinquatrubus,
1313 417 1458 471 quibus
1480 419 1740 458 conferantur
1761 433 1778 448 0

261 487 422 526 Vinalia
449 483 537 536 περὶ
567 477 827 534 ἀφροδισίων,
866 492 950 525 tum
978 487 1019 525 in
1051 483 1373 542 Πλουτοτορύνῃ,
1405 502 1525 540 quam
1554 489 1737 528 Ritsche-

262 557 338 594 lius
367 557 542 595 restituit
573 555 789 608 (parergon
810 558 830 595 I
854 571 893 609 p.
920 557 1020 608 178),
1052 558 1200 597 collata
1226 553 1506 611 Κοσμοτορύνῃ
1525 555 1733 609 mol-‹1280-

261 622 531 678 ρᾶς,κο’σμου.
593 627 750 678 Quibus
792 628 887 667 addi
924 630 1097 673 fortasse
1132 629 1228 667 licet
1266 628 1543 680 Λογομαχίαν,
1579 628 1738 667 collatis

262 705 303 737 et
339 696 563 751 Σκιαμαχίᾳ
597 695 686 749 περὶ
725 694 854 747 τύφου
883 704 923 737 et
951 698 1126 751 Caprino
1156 699 1309 751 proelio
1341 697 1428 750 περὶ
1458 692 1613 748 ἡδονῆς.
1673 699 1739 737 Ita

261 784 350 808 eum
377 769 483 807 bona
510 783 604 821 pars
631 770 872 822 simplicium
902 769 1205 822 inscriptionum
1231 770 1352 808 etiam
1381 769 1535 822 absque
1561 769 1737 808 testimo-

260 841 336 879 niis
376 839 638 892 probabiliter
671 842 816 880 saturis
854 840 1099 887 vindicetur,
1140 841 1220 878 iam
1254 853 1335 878 non
1372 844 1434 878 est
1461 839 1568 893 quod
1595 842 1738 879 citatos

262 925 286 950 a
321 912 454 949 Nonio
494 911 697 964 simplices
726 912 864 950 titulos
892 925 1029 950 omnes
1062 926 1085 950 a
1111 911 1256 950 saturis
1286 911 1486 949 removeri
1515 910 1737 950 iubeamus.

260 983 349 1021 Nec
385 983 512 1032 magis
546 983 586 1020 in
629 983 706 1021 hac
745 996 871 1036 causa
903 983 1108 1035 proficitur
1145 981 1373 1020 discrimine
1413 980 1548 1034 aliquo
1581 988 1737 1020 saturas

260 1054 365 1091 inter
393 1059 434 1091 ct
466 1054 725 1106 Menippeas:
767 1054 874 1107 quod
913 1055 1127 1093 discrimen
1160 1066 1250 1091 cum
1279 1052 1519 1104 Hieronymi
1546 1053 1587 1090 in
1615 1052 1736 1097 libro-

260 1136 346 1161 rum
385 1124 725 1162 Varronianorum
764 1125 950 1176 catalogo
991 1124 1237 1164 testimonia:
1294 1125 1382 1161 libri
1421 1125 1480 1161 GL
1514 1129 1739 1162 saturarum

260 1195 573 1243 Menippearum,
621 1196 709 1231 libr-i
750 1197 818 1233 IV
855 1204 1080 1235 saturarum
1116 1193 1333 1233 suaderent
1380 1192 1454 1244 (cf.
1491 1194 1740 1233 Ritschelius

262 1265 355 1304 novi
384 1265 509 1303 musei
541 1264 671 1302 Rhen.
703 1265 762 1304 VI
796 1280 834 1318 p.
862 1254 942 1308 493¹.
973 1273 1035 1307 551
1071 1264 1164 1318 sq),
1193 1277 1342 1302 vanum
1370 1272 1458 1303 esse
1489 1264 1739 1303 Mercklinus

261 1337 449 1374 evincere
480 1335 616 1374 studet
645 1349 683 1387 p.
713 1341 779 1378 337
812 1338 973 1390 sq.‚2ita
1004 1336 1178 1389 quidem,
1208 1340 1251 1372 ut
1281 1334 1526 1373 credendum
1551 1335 1738 1374 videatur

260 1407 363 1444 inter
394 1406 630 1457 superstites
661 1408 798 1445 titulos
825 1407 978 1446 nullum
1009 1420 1119 1454 esse,
1158 1420 1278 1459 quem
1307 1419 1395 1444 cum
1422 1405 1502 1444 fide
1531 1420 1552 1444 e
1583 1406 1737 1458 Menip*

260 1478 347 1528 peis
377 1476 578 1524 secludas,
610 1476 660 1514 ad
691 1483 847 1516 saturas
879 1479 1046 1516 referas.
1108 1477 1163 1515 At
1192 1477 1289 1515 licet
1319 1490 1399 1514 non
1425 1478 1590 1515 nimium
1615 1477 1651 1514 ei
1680 1477 1738 1514 rei

259 1546 515 1585 tribuendum
546 1547 751 1596 videatur,
797 1549 905 1602 quod
938 1549 1188 1600 grammatici
1224 1547 1341 1586 modo
1375 1548 1632 1599 Menippeam
1672 1546 1740 1584 vel

261 1618 457 1670 Cynicam
486 1618 603 1656 modo
634 1626 811 1658 saturam
841 1619 1069 1672 appellant,
1109 1625 1243 1658 tamen
1281 1617 1377 1656 mihi
1408 1616 1570 1669 quidem
1599 1615 1648 1655 de
1680 1617 1738 1654 rei

261 1702 415 1727 summa
434 1688 616 1731 nondum
628 1689 789 1728 videtur
805 1690 1022 1729 Mcrcklini
1044 1689 1316 1741 disputatione
1334 1693 1466 1734 actum
1483 1700 1586 1726 esse.
1609 1686 1739 1738 Quem

260 1759 391 1798 locum
432 1773 521 1797 cum
554 1772 660 1800 nunc
698 1763 998 1811 praetermitto,
1042 1767 1177 1799 tamen
1213 1760 1290 1797 hoc
1325 1772 1490 1805 moneo,
1531 1771 1620 1795 cum
1660 1757 1740 1796 alia

261 1831 302 1868 in
336 1843 384 1868 ea
422 1834 537 1881 parte
576 1829 857 1880 disputationis
895 1845 984 1869 meo
1025 1831 1185 1882 quidem
1223 1843 1343 1868 sensu
1377 1830 1474 1867 satis
1500 1829 1598 1867 mire
1631 1828 1739 1870 dicta

262 1915 366 1948 esse,
398 1907 479 1939 tum
507 1901 681 1939 maxime
709 1901 822 1949 illud,
855 1915 933 1953 quo
964 1907 1103 1939 contra
1132 1900 1398 1939 Ritschelium
1427 1901 1550 1938 utitur
1579 1900 1739 1939 Merck-

260 1972 386 2018 linus,
419 1971 572 2023 absque
603 1972 789 2022 catalogo
812 1973 1052 2025 Hieronymi
1080 1977 1209 2019 esset,
1251 1972 1450 2009 neminem
1482 1984 1550 2008 eas
1583 1970 1739 2008 coniec-

260 2049 372 2080 turas
401 2042 648 2094 prolaturum
675 2043 815 2091 fuisse,
847 2056 949 2095 quas
974 2043 1222 2083 Ritschelius
1248 2042 1293 2080 ll.
1326 2055 1383 2080 66.
1412 2042 1588 2079 iecisset.
1639 2042 1737 2080 Pro-

260 2115 369 2151 fecto
406 2126 482 2150 nec
522 2113 732 2165 quisquam
771 2114 873 2153 alius
912 2128 989 2153 nee
1026 2114 1274 2152 Rits-chelius
1317 2113 1367 2151 de
1410 2112 1638 2150 discrimine
1668 2111 1739 2150 illo

261 2183 554 2237 quaesivisset,
593 2184 670 2222 nisi
709 2186 974 2224 certissimum
1005 2186 1243 2237 Hieronymi
1277 2184 1548 2238 testimonium
1577 2196 1625 2221 eo
1658 2183 1740 2221 ani—
1787 2219 1790 2223 .

261 2268 367 2293 mum
396 2254 660 2292 advertisset:
703 2256 819 2292 immo
850 2255 1003 2308 absque
1035 2269 1082 2294 eo
1112 2269 1281 2294 recensu
1310 2255 1502 2293 librorum
1525 2253 1741 2292 Varronia-

261 2340 400 2364 norum
431 2327 517 2363 fere
549 2331 680 2364 certus
711 2339 798 2363 sum
822 2325 927 2364 bona
956 2334 1070 2376 parte
1102 2339 1236 2364 earum
1268 2326 1318 2364 de
1349 2323 1617 2377 polygraphia
1640 2324 1742 2362 Var-

262 2398 429 2434 roniana
460 2396 828 2444 ratiocinationum,
870 2397 1210 2444 coniecturarum,
1255 2396 1567 2443 divinationum,
1600 2393 1742 2446 quibus

264 2467 466 2517 singulare
505 2466 718 2504 Ritschelii
755 2467 958 2516 ingenium
985 2466 1241 2517 explenduit,
1278 2479 1350 2503 nos
1378 2465 1498 2503 hodie
1531 2463 1742 2502 destitutos

262 2539 361 2575 fore.
424 2535 507 2574 Sed
539 2540 651 2573 estne
682 2536 785 2574 haec
816 2550 915 2574 sana
943 2536 1210 2584 ratiocinatio,
1244 2537 1275 2575 si
1307 2537 1394 2588 quis
1423 2539 1612 2587 quaerat,
1645 2534 1743 2586 quid

264 2609 348 2646 sine
381 2607 516 2658 aliquo
549 2607 777 2644 testimonio
806 2611 872 2644 aut
904 2606 1053 2643 factum
1088 2607 1139 2644 sit
1165 2613 1233 2645 aut
1261 2605 1473 2653 creditum,
1504 2618 1551 2643 ae
1571 2618 1651 2643 non
1671 2618 1740 2656 po-

262 2680 341 2717 tius
371 2678 581 2731 quid-tum
615 2676 727 2715 credi
759 2676 926 2723 debeat,
958 2689 1046 2713 cum
1074 2677 1316 2728 necopinato
1348 2677 1462 2714 testis
1495 2675 1759 2714 certissimae-

263 2749 357 2787 fidei
391 2747 589 2787 accedat?

375 2819 561 2859 Percurri
589 2823 632 2855 ut
664 2823 759 2868 puto
788 2819 939 2864 omnia,
979 2831 1083 2870 quae
1117 2818 1336 2868 excogitari
1366 2817 1541 2868 possint,
1578 2820 1621 2853 ut
1649 2813 1739 2852 illo-

215 2927 217 2929 .
263 2904 350 2928 rum
378 2890 694 2929 testimoniorum
730 2889 1002 2940 discrepantia
1028 2890 1151 2928 Nonii
1183 2888 1314 2939 aliquo
1346 2886 1464 2925 modo
1492 2885 1739 2936 explicetur:

1864 2302 1891 2492 -zv-ssnokzaeffff*
1868 2262 1886 2281 ἃ*
1875 2237 1878 2239 ’
