<?xml version="1.0" encoding="UTF-8"?>
<!DOCTYPE html PUBLIC "-//W3C//DTD XHTML 1.0 Transitional//EN"
    "http://www.w3.org/TR/xhtml1/DTD/xhtml1-transitional.dtd">
<html xmlns="http://www.w3.org/1999/xhtml" xml:lang="en" lang="en">
 <head>
  <title>
</title>
<meta http-equiv="Content-Type" content="text/html;charset=utf-8" />
  <meta name='ocr-system' content='tesseract 3.04.00' />
  <meta name='ocr-capabilities' content='ocr_page ocr_carea ocr_par ocr_line ocrx_word'/>
</head>
<body>
  <div class='ocr_page' id='page_1' title='image "./inmterentivarron00vahluoft/inmterentivarron00vahluoft_0014.png"; bbox 0 0 1898 3236; ppageno 0'>
   <div class='ocr_carea' id='block_1_1' title="bbox 231 215 1138 255">
    <p class='ocr_par' dir='ltr' id='par_1_1' title="bbox 231 215 1138 255">
     <span class='ocr_line' id='line_1_1' title="bbox 231 215 1138 255; baseline 0.002 -2"><span class='ocrx_word' id='word_1_1' title='bbox 231 215 254 253; x_wconf 88' lang='lat'>4</span> <span class='ocrx_word' id='word_1_2' title='bbox 797 222 1138 255; x_wconf 71' lang='lat' dir='ltr'>conchANEA.</span> 
     </span>
    </p>
   </div>
   <div class='ocr_carea' id='block_1_2' title="bbox 287 327 1377 380">
    <p class='ocr_par' dir='ltr' id='par_1_2' title="bbox 287 327 1377 380">
     <span class='ocr_line' id='line_1_2' title="bbox 287 327 1377 380; baseline 0.001 -13"><span class='ocrx_word' id='word_1_3' title='bbox 287 329 308 367; x_wconf 96' lang='lat' dir='ltr'>I</span> <span class='ocrx_word' id='word_1_4' title='bbox 335 327 390 380; x_wconf 82' lang='lat'>(21</span> <span class='ocrx_word' id='word_1_5' title='bbox 418 327 555 380; x_wconf 90' lang='lat' dir='ltr'>Oehl.)</span> <span class='ocrx_word' id='word_1_6' title='bbox 637 330 710 374; x_wconf 81' lang='lat' dir='ltr'>Qui</span> <span class='ocrx_word' id='word_1_7' title='bbox 731 329 957 378; x_wconf 73' lang='lat' dir='ltr'><em>fabularum</em></span> <span class='ocrx_word' id='word_1_8' title='bbox 987 331 1174 368; x_wconf 69' lang='lat' dir='ltr'><em>collocant</em></span> <span class='ocrx_word' id='word_1_9' title='bbox 1201 331 1377 368; x_wconf 76' lang='lat' dir='ltr'>exordia.</span> 
     </span>
    </p>
   </div>
   <div class='ocr_carea' id='block_1_3' title="bbox 287 418 1457 539">
    <p class='ocr_par' dir='ltr' id='par_1_3' title="bbox 287 418 1457 539">
     <span class='ocr_line' id='line_1_3' title="bbox 287 418 1457 470; baseline 0.001 -13"><span class='ocrx_word' id='word_1_10' title='bbox 287 420 330 458; x_wconf 94' lang='lat' dir='ltr'>II</span> <span class='ocrx_word' id='word_1_11' title='bbox 356 418 434 470; x_wconf 82' lang='lat'>(15)</span> <span class='ocrx_word' id='word_1_12' title='bbox 640 418 840 456; x_wconf 82' lang='lat' dir='ltr'><em>Fona&#39;scus</em></span> <span class='ocrx_word' id='word_1_13' title='bbox 871 421 1025 464; x_wconf 83' lang='lat' dir='ltr'><em>adsum,</em></span> <span class='ocrx_word' id='word_1_14' title='bbox 1057 421 1158 458; x_wconf 83' lang='lat' dir='ltr'>vo&#39;cis</span> <span class='ocrx_word' id='word_1_15' title='bbox 1185 420 1457 458; x_wconf 73' lang='lat' dir='ltr'>suscitabulum</span> 
     </span>
     <span class='ocr_line' id='line_1_4' title="bbox 639 489 1386 539; baseline 0.004 -14"><span class='ocrx_word' id='word_1_16' title='bbox 639 489 957 537; x_wconf 77' lang='lat' dir='ltr'>Canta&#39;utiumque</span> <span class='ocrx_word' id='word_1_17' title='bbox 983 489 1110 538; x_wconf 77' lang='lat' dir='ltr'><em>qallus</em></span> <span class='ocrx_word' id='word_1_18' title='bbox 1137 490 1386 539; x_wconf 75' lang='lat' dir='ltr'>qallina&#39;ceuS.</span> 
     </span>
    </p>
   </div>
   <div class='ocr_carea' id='block_1_4' title="bbox 288 578 1610 699">
    <p class='ocr_par' dir='ltr' id='par_1_4' title="bbox 288 578 1610 699">
     <span class='ocr_line' id='line_1_5' title="bbox 288 578 1610 629; baseline 0.001 -13"><span class='ocrx_word' id='word_1_19' title='bbox 288 580 352 617; x_wconf 79' lang='lat'>111</span> <span class='ocrx_word' id='word_1_20' title='bbox 376 578 453 629; x_wconf 72' lang='lat'>(14)</span> <span class='ocrx_word' id='word_1_21' title='bbox 636 580 756 617; x_wconf 83' lang='lat' dir='ltr'>Pacvi</span> <span class='ocrx_word' id='word_1_22' title='bbox 783 581 993 627; x_wconf 77' lang='lat' dir='ltr'>discipulus</span> <span class='ocrx_word' id='word_1_23' title='bbox 1023 582 1149 626; x_wconf 77' lang='lat' dir='ltr'>dicor,</span> <span class='ocrx_word' id='word_1_24' title='bbox 1180 593 1300 628; x_wconf 82' lang='lat' dir='ltr'>porro</span> <span class='ocrx_word' id='word_1_25' title='bbox 1330 583 1363 617; x_wconf 83' lang='lat' dir='ltr'>is</span> <span class='ocrx_word' id='word_1_26' title='bbox 1388 580 1467 628; x_wconf 78' lang='lat' dir='ltr'>suit</span> <span class='ocrx_word' id='word_1_27' title='bbox 1497 581 1610 626; x_wconf 76' lang='lat' dir='ltr'>Enni,</span> 
     </span>
     <span class='ocr_line' id='line_1_6' title="bbox 377 649 1576 699; baseline 0.001 -14"><span class='ocrx_word' id='word_1_28' title='bbox 377 649 388 662; x_wconf 67' lang='lat'><em>⁶</em></span> <span class='ocrx_word' id='word_1_29' title='bbox 703 649 844 686; x_wconf 82' lang='lat' dir='ltr'>Enniu&#39;</span> <span class='ocrx_word' id='word_1_30' title='bbox 878 650 1102 695; x_wconf 79' lang='lat' dir='ltr'><em>Musarum,</em></span> <span class='ocrx_word' id='word_1_31' title='bbox 1132 652 1343 699; x_wconf 78' lang='lat' dir='ltr'><em>Pompilius</em></span> <span class='ocrx_word' id='word_1_32' title='bbox 1372 653 1513 687; x_wconf 73' lang='lat' dir='ltr'><em>elneor.</em></span> <span class='ocrx_word' id='word_1_33' title='bbox 1567 686 1576 696; x_wconf 69' lang='grc'>,</span> 
     </span>
    </p>
   </div>
   <div class='ocr_carea' id='block_1_5' title="bbox 287 719 1463 859">
    <p class='ocr_par' dir='ltr' id='par_1_5' title="bbox 287 719 1463 859">
     <span class='ocr_line' id='line_1_7' title="bbox 287 719 1463 791; baseline -0.002 -13"><span class='ocrx_word' id='word_1_34' title='bbox 287 741 346 779; x_wconf 93' lang='lat' dir='ltr'>IV</span> <span class='ocrx_word' id='word_1_35' title='bbox 375 739 453 790; x_wconf 85' lang='lat'><strong>(16)</strong></span> <span class='ocrx_word' id='word_1_36' title='bbox 639 739 681 775; x_wconf 85' lang='lat' dir='ltr'>Si</span> <span class='ocrx_word' id='word_1_37' title='bbox 710 738 796 786; x_wconf 79' lang='lat' dir='ltr'>quis</span> <span class='ocrx_word' id='word_1_38' title='bbox 825 719 1014 791; x_wconf 64' lang='grc' dir='ltr'><em>μελῳδεῖν</em></span> <span class='ocrx_word' id='word_1_39' title='bbox 1050 769 1058 777; x_wconf 91' lang='grc'><em>.</em></span> <span class='ocrx_word' id='word_1_40' title='bbox 1079 767 1087 775; x_wconf 93' lang='grc'><strong>.</strong></span> <span class='ocrx_word' id='word_1_41' title='bbox 1108 731 1188 777; x_wconf 81' lang='grc' dir='ltr'>ἐστ’</span> <span class='ocrx_word' id='word_1_42' title='bbox 1220 734 1311 786; x_wconf 78' lang='grc' dir='ltr'><strong>ὄνος</strong></span> <span class='ocrx_word' id='word_1_43' title='bbox 1344 734 1463 790; x_wconf 79' lang='grc' dir='ltr'><em>λύρας</em></span> 
     </span>
     <span class='ocr_line' id='line_1_8' title="bbox 607 809 1424 859; baseline 0.006 -14"><span class='ocrx_word' id='word_1_44' title='bbox 607 822 609 824; x_wconf 90' lang='grc'><strong><em>·</em></strong></span> <span class='ocrx_word' id='word_1_45' title='bbox 636 809 895 858; x_wconf 78' lang='lat' dir='ltr'>Praese&#39;pibus</span> <span class='ocrx_word' id='word_1_46' title='bbox 924 821 964 847; x_wconf 85' lang='lat' dir='ltr'>se</span> <span class='ocrx_word' id='word_1_47' title='bbox 994 810 1159 848; x_wconf 72' lang='lat' dir='ltr'>retineat</span> <span class='ocrx_word' id='word_1_48' title='bbox 1184 811 1424 859; x_wconf 69' lang='lat' dir='ltr'>forensibus,</span> 
     </span>
    </p>
   </div>
   <div class='ocr_carea' id='block_1_6' title="bbox 288 890 1437 1009">
    <p class='ocr_par' dir='ltr' id='par_1_6' title="bbox 288 890 1437 1009">
     <span class='ocr_line' id='line_1_9' title="bbox 288 890 1437 941; baseline -0.002 -10"><span class='ocrx_word' id='word_1_49' title='bbox 288 892 323 931; x_wconf 95' lang='lat' dir='ltr'>V</span> <span class='ocrx_word' id='word_1_50' title='bbox 348 890 426 941; x_wconf 84' lang='grc'>(17)</span> <span class='ocrx_word' id='word_1_51' title='bbox 637 891 778 936; x_wconf 78' lang='lat' dir='ltr'><em>Quibus</em></span> <span class='ocrx_word' id='word_1_52' title='bbox 808 902 917 928; x_wconf 83' lang='lat' dir='ltr'><em>suam</em></span> <span class='ocrx_word' id='word_1_53' title='bbox 948 893 1106 930; x_wconf 75' lang='lat' dir='ltr'>delectet</span> <span class='ocrx_word' id='word_1_54' title='bbox 1139 894 1220 940; x_wconf 76' lang='lat' dir='ltr'>ipse</span> <span class='ocrx_word' id='word_1_55' title='bbox 1251 895 1437 931; x_wconf 79' lang='lat' dir='ltr'>amusium</span> 
     </span>
     <span class='ocr_line' id='line_1_10' title="bbox 637 961 1407 1009; baseline 0.001 -11"><span class='ocrx_word' id='word_1_56' title='bbox 637 963 687 998; x_wconf 76' lang='grc' dir='ltr'>Εἰ</span> <span class='ocrx_word' id='word_1_57' title='bbox 719 961 935 999; x_wconf 78' lang='lat' dir='ltr'>aviditatem</span> <span class='ocrx_word' id='word_1_58' title='bbox 964 961 1141 1009; x_wconf 81' lang='lat' dir='ltr'>spe&#39;ribus</span> <span class='ocrx_word' id='word_1_59' title='bbox 1170 961 1284 998; x_wconf 81' lang='lat' dir='ltr'>lacle&#39;t</span> <span class='ocrx_word' id='word_1_60' title='bbox 1314 964 1407 999; x_wconf 79' lang='lat' dir='ltr'>suis.</span> 
     </span>
    </p>
   </div>
   <div class='ocr_carea' id='block_1_7' title="bbox 232 1049 1718 1879">
    <p class='ocr_par' dir='ltr' id='par_1_7' title="bbox 232 1049 1718 1879">
     <span class='ocr_line' id='line_1_11' title="bbox 346 1049 1712 1103; baseline 0 -12"><span class='ocrx_word' id='word_1_61' title='bbox 346 1052 505 1091; x_wconf 80' lang='lat' dir='ltr'>Primus</span> <span class='ocrx_word' id='word_1_62' title='bbox 538 1063 675 1088; x_wconf 90' lang='lat' dir='ltr'>eorum</span> <span class='ocrx_word' id='word_1_63' title='bbox 704 1063 894 1089; x_wconf 84' lang='lat' dir='ltr'>versuum</span> <span class='ocrx_word' id='word_1_64' title='bbox 928 1051 1059 1102; x_wconf 89' lang='lat' dir='ltr'>potuit</span> <span class='ocrx_word' id='word_1_65' title='bbox 1092 1049 1170 1087; x_wconf 78' lang='lat' dir='ltr'>hoo</span> <span class='ocrx_word' id='word_1_66' title='bbox 1212 1050 1298 1089; x_wconf 89' lang='lat' dir='ltr'>fere</span> <span class='ocrx_word' id='word_1_67' title='bbox 1335 1064 1443 1089; x_wconf 89' lang='lat' dir='ltr'>nexu</span> <span class='ocrx_word' id='word_1_68' title='bbox 1475 1052 1569 1090; x_wconf 91' lang='lat' dir='ltr'>olim</span> <span class='ocrx_word' id='word_1_69' title='bbox 1605 1052 1712 1103; x_wconf 85' lang='lat' dir='ltr'>legi:</span> 
     </span>
     <span class='ocr_line' id='line_1_12' title="bbox 233 1120 1713 1174; baseline -0.001 -13"><span class='ocrx_word' id='word_1_70' title='bbox 233 1138 256 1161; x_wconf 78' lang='lat' dir='ltr'>a</span> <span class='ocrx_word' id='word_1_71' title='bbox 286 1122 489 1174; x_wconf 84' lang='lat' dir='ltr'>prooemio</span> <span class='ocrx_word' id='word_1_72' title='bbox 530 1120 739 1168; x_wconf 84' lang='lat' dir='ltr'>exordiar,</span> <span class='ocrx_word' id='word_1_73' title='bbox 781 1127 841 1158; x_wconf 82' lang='lat' dir='ltr'>ut‘</span> <span class='ocrx_word' id='word_1_74' title='bbox 862 1121 919 1159; x_wconf 89' lang='lat' dir='ltr'>illi</span> <span class='ocrx_word' id='word_1_75' title='bbox 952 1122 1026 1166; x_wconf 78' lang='lat' dir='ltr'>Qui</span> <span class='ocrx_word' id='word_1_76' title='bbox 1055 1122 1280 1169; x_wconf 84' lang='lat' dir='ltr'><em>fabularum</em></span> <span class='ocrx_word' id='word_1_77' title='bbox 1320 1124 1505 1160; x_wconf 81' lang='lat' dir='ltr'><em>collocant</em></span> <span class='ocrx_word' id='word_1_78' title='bbox 1538 1126 1713 1161; x_wconf 75' lang='lat' dir='ltr'>exordia.</span> 
     </span>
     <span class='ocr_line' id='line_1_13' title="bbox 233 1190 1713 1244; baseline 0 -13"><span class='ocrx_word' id='word_1_79' title='bbox 233 1194 342 1241; x_wconf 81' lang='lat' dir='ltr'>Malo</span> <span class='ocrx_word' id='word_1_80' title='bbox 369 1193 474 1231; x_wconf 87' lang='lat' dir='ltr'>euim</span> <span class='ocrx_word' id='word_1_81' title='bbox 499 1192 538 1229; x_wconf 88' lang='lat' dir='ltr'>in</span> <span class='ocrx_word' id='word_1_82' title='bbox 562 1204 608 1229; x_wconf 81' lang='lat' dir='ltr'>oo</span> <span class='ocrx_word' id='word_1_83' title='bbox 637 1190 805 1242; x_wconf 87' lang='lat' dir='ltr'>prologo</span> <span class='ocrx_word' id='word_1_84' title='bbox 831 1191 1095 1229; x_wconf 86' lang='lat' dir='ltr'>imitationem</span> <span class='ocrx_word' id='word_1_85' title='bbox 1125 1192 1401 1230; x_wconf 81' lang='lat' dir='ltr'>scaenicorum</span> <span class='ocrx_word' id='word_1_86' title='bbox 1417 1193 1551 1244; x_wconf 85' lang='lat' dir='ltr'>potius</span> <span class='ocrx_word' id='word_1_87' title='bbox 1571 1206 1713 1244; x_wconf 87' lang='lat' dir='ltr'>agnos·</span> 
     </span>
     <span class='ocr_line' id='line_1_14' title="bbox 234 1261 1712 1315; baseline -0.001 -13"><span class='ocrx_word' id='word_1_88' title='bbox 234 1277 324 1302; x_wconf 87' lang='lat' dir='ltr'>cere</span> <span class='ocrx_word' id='word_1_89' title='bbox 373 1277 493 1315; x_wconf 87' lang='lat' dir='ltr'>quam</span> <span class='ocrx_word' id='word_1_90' title='bbox 532 1262 877 1309; x_wconf 81' lang='lat' dir='ltr'>citharoedorum,</span> <span class='ocrx_word' id='word_1_91' title='bbox 927 1261 977 1300; x_wconf 88' lang='lat' dir='ltr'>de</span> <span class='ocrx_word' id='word_1_92' title='bbox 1015 1275 1183 1313; x_wconf 89' lang='lat' dir='ltr'>quorum</span> <span class='ocrx_word' id='word_1_93' title='bbox 1220 1261 1437 1313; x_wconf 84' lang='lat' dir='ltr'>prooemiis</span> <span class='ocrx_word' id='word_1_94' title='bbox 1478 1262 1622 1301; x_wconf 88' lang='lat' dir='ltr'>Cicero</span> <span class='ocrx_word' id='word_1_95' title='bbox 1663 1262 1712 1301; x_wconf 88' lang='lat' dir='ltr'>de</span> 
     </span>
     <span class='ocr_line' id='line_1_15' title="bbox 234 1334 1715 1380; baseline -0.003 -8"><span class='ocrx_word' id='word_1_96' title='bbox 234 1341 392 1373; x_wconf 82' lang='lat' dir='ltr'>oratore</span> <span class='ocrx_word' id='word_1_97' title='bbox 418 1334 462 1372; x_wconf 90' lang='lat' dir='ltr'>II</span> <span class='ocrx_word' id='word_1_98' title='bbox 482 1339 549 1380; x_wconf 83' lang='lat'>80,</span> <span class='ocrx_word' id='word_1_99' title='bbox 585 1339 675 1373; x_wconf 79' lang='lat'>325:</span> <span class='ocrx_word' id='word_1_100' title='bbox 705 1343 895 1370; x_wconf 77' lang='lat' dir='ltr'><em>conexum</em></span> <span class='ocrx_word' id='word_1_101' title='bbox 923 1338 1046 1369; x_wconf 81' lang='lat' dir='ltr'>autem</span> <span class='ocrx_word' id='word_1_102' title='bbox 1068 1335 1120 1370; x_wconf 85' lang='lat' dir='ltr'>ita</span> <span class='ocrx_word' id='word_1_103' title='bbox 1142 1336 1190 1370; x_wconf 82' lang='lat' dir='ltr'>sit</span> <span class='ocrx_word' id='word_1_104' title='bbox 1212 1334 1445 1379; x_wconf 78' lang='lat' dir='ltr'>principium</span> <span class='ocrx_word' id='word_1_105' title='bbox 1469 1334 1715 1378; x_wconf 78' lang='lat' dir='ltr'>consequenti</span> 
     </span>
     <span class='ocr_line' id='line_1_16' title="bbox 233 1402 1717 1451; baseline -0.003 -10"><span class='ocrx_word' id='word_1_106' title='bbox 233 1408 415 1449; x_wconf 77' lang='lat' dir='ltr'>orationi,</span> <span class='ocrx_word' id='word_1_107' title='bbox 459 1410 498 1441; x_wconf 83' lang='lat' dir='ltr'>ut</span> <span class='ocrx_word' id='word_1_108' title='bbox 528 1415 601 1440; x_wconf 83' lang='lat' dir='ltr'>non</span> <span class='ocrx_word' id='word_1_109' title='bbox 629 1407 823 1450; x_wconf 80' lang='lat' dir='ltr'><em>tamquam</em></span> <span class='ocrx_word' id='word_1_110' title='bbox 851 1404 1064 1440; x_wconf 75' lang='lat' dir='ltr'>citharoedi</span> <span class='ocrx_word' id='word_1_111' title='bbox 1088 1404 1326 1451; x_wconf 81' lang='lat' dir='ltr'>prooemium</span> <span class='ocrx_word' id='word_1_112' title='bbox 1356 1402 1530 1450; x_wconf 74' lang='lat' dir='ltr'>affictum</span> <span class='ocrx_word' id='word_1_113' title='bbox 1563 1402 1717 1448; x_wconf 79' lang='lat' dir='ltr'>aliquod</span> 
     </span>
     <span class='ocr_line' id='line_1_17' title="bbox 232 1470 1713 1521; baseline -0.004 -7"><span class='ocrx_word' id='word_1_114' title='bbox 232 1479 299 1514; x_wconf 76' lang='lat' dir='ltr'>sed</span> <span class='ocrx_word' id='word_1_115' title='bbox 328 1477 538 1513; x_wconf 78' lang='lat' dir='ltr'><em>cohaerens</em></span> <span class='ocrx_word' id='word_1_116' title='bbox 571 1485 656 1510; x_wconf 82' lang='lat' dir='ltr'>cum</span> <span class='ocrx_word' id='word_1_117' title='bbox 686 1476 788 1510; x_wconf 84' lang='lat' dir='ltr'>omni</span> <span class='ocrx_word' id='word_1_118' title='bbox 815 1485 978 1521; x_wconf 80' lang='lat' dir='ltr'>corpore</span> <span class='ocrx_word' id='word_1_119' title='bbox 1010 1475 1215 1511; x_wconf 81' lang='lat' dir='ltr'><em>membrum</em></span> <span class='ocrx_word' id='word_1_120' title='bbox 1246 1485 1327 1511; x_wconf 85' lang='lat' dir='ltr'><em>esse</em></span> <span class='ocrx_word' id='word_1_121' title='bbox 1356 1475 1541 1511; x_wconf 76' lang='lat' dir='ltr'>videatur.</span> <span class='ocrx_word' id='word_1_122' title='bbox 1603 1470 1713 1509; x_wconf 71' lang='lat' dir='ltr'>‘Col-</span> 
     </span>
     <span class='ocr_line' id='line_1_18' title="bbox 233 1532 1714 1596; baseline -0.003 -13"><span class='ocrx_word' id='word_1_123' title='bbox 233 1532 378 1584; x_wconf 74' lang='lat' dir='ltr'>locare</span> <span class='ocrx_word' id='word_1_124' title='bbox 393 1543 575 1583; x_wconf 82' lang='lat' dir='ltr'>exordia’</span> <span class='ocrx_word' id='word_1_125' title='bbox 599 1542 697 1581; x_wconf 87' lang='lat' dir='ltr'>dicit</span> <span class='ocrx_word' id='word_1_126' title='bbox 719 1556 809 1581; x_wconf 87' lang='lat' dir='ltr'>cum</span> <span class='ocrx_word' id='word_1_127' title='bbox 830 1550 915 1582; x_wconf 86' lang='lat' dir='ltr'>arte</span> <span class='ocrx_word' id='word_1_128' title='bbox 938 1544 1173 1596; x_wconf 76' lang='lat' dir='ltr'>disponere:</span> <span class='ocrx_word' id='word_1_129' title='bbox 1202 1541 1539 1595; x_wconf 85' lang='lat' dir='ltr'>quemadmodum</span> <span class='ocrx_word' id='word_1_130' title='bbox 1556 1541 1714 1588; x_wconf 80' lang='lat' dir='ltr'>Cicero,</span> 
     </span>
     <span class='ocr_line' id='line_1_19' title="bbox 234 1613 1713 1663; baseline -0.003 -9"><span class='ocrx_word' id='word_1_131' title='bbox 234 1622 277 1654; x_wconf 85' lang='lat' dir='ltr'>ut</span> <span class='ocrx_word' id='word_1_132' title='bbox 306 1617 346 1654; x_wconf 90' lang='lat' dir='ltr'>in</span> <span class='ocrx_word' id='word_1_133' title='bbox 378 1621 534 1654; x_wconf 85' lang='lat' dir='ltr'>oratore</span> <span class='ocrx_word' id='word_1_134' title='bbox 563 1619 630 1660; x_wconf 76' lang='lat'>24,</span> <span class='ocrx_word' id='word_1_135' title='bbox 657 1619 723 1661; x_wconf 85' lang='lat'>80,</span> <span class='ocrx_word' id='word_1_136' title='bbox 757 1620 797 1652; x_wconf 85' lang='lat' dir='ltr'>et</span> <span class='ocrx_word' id='word_1_137' title='bbox 823 1614 892 1653; x_wconf 87' lang='lat' dir='ltr'>alii</span> <span class='ocrx_word' id='word_1_138' title='bbox 923 1614 1231 1652; x_wconf 85' lang='lat' dir='ltr'>collocationem</span> <span class='ocrx_word' id='word_1_139' title='bbox 1260 1613 1475 1653; x_wconf 91' lang='lat' dir='ltr'>verborum</span> <span class='ocrx_word' id='word_1_140' title='bbox 1504 1615 1713 1663; x_wconf 81' lang='lat' dir='ltr'>usurpant.</span> 
     </span>
     <span class='ocr_line' id='line_1_20' title="bbox 234 1682 1718 1737; baseline -0.003 -12"><span class='ocrx_word' id='word_1_141' title='bbox 234 1687 364 1726; x_wconf 83' lang='lat' dir='ltr'>Varro</span> <span class='ocrx_word' id='word_1_142' title='bbox 406 1692 538 1724; x_wconf 84' lang='lat' dir='ltr'>autem</span> <span class='ocrx_word' id='word_1_143' title='bbox 575 1684 671 1723; x_wconf 89' lang='lat' dir='ltr'>alibi</span> <span class='ocrx_word' id='word_1_144' title='bbox 711 1697 871 1737; x_wconf 86' lang='lat' dir='ltr'>quoque</span> <span class='ocrx_word' id='word_1_145' title='bbox 910 1684 960 1722; x_wconf 90' lang='lat' dir='ltr'>de</span> <span class='ocrx_word' id='word_1_146' title='bbox 997 1697 1170 1723; x_wconf 84' lang='lat' dir='ltr'>scaenae</span> <span class='ocrx_word' id='word_1_147' title='bbox 1207 1684 1348 1722; x_wconf 83' lang='lat' dir='ltr'>rivulis</span> <span class='ocrx_word' id='word_1_148' title='bbox 1384 1696 1497 1721; x_wconf 82' lang='lat' dir='ltr'>suam</span> <span class='ocrx_word' id='word_1_149' title='bbox 1534 1682 1718 1732; x_wconf 82' lang='lat' dir='ltr'>irrigavit</span> 
     </span>
     <span class='ocr_line' id='line_1_21' title="bbox 234 1751 1715 1805; baseline -0.003 -11"><span class='ocrx_word' id='word_1_150' title='bbox 234 1769 392 1803; x_wconf 81' lang='lat' dir='ltr'>aream,</span> <span class='ocrx_word' id='word_1_151' title='bbox 424 1761 466 1793; x_wconf 86' lang='lat' dir='ltr'>ut</span> <span class='ocrx_word' id='word_1_152' title='bbox 497 1756 538 1794; x_wconf 90' lang='lat' dir='ltr'>in</span> <span class='ocrx_word' id='word_1_153' title='bbox 569 1768 618 1793; x_wconf 84' lang='lat' dir='ltr'>ea</span> <span class='ocrx_word' id='word_1_154' title='bbox 649 1760 807 1801; x_wconf 84' lang='lat' dir='ltr'>satura,</span> <span class='ocrx_word' id='word_1_155' title='bbox 839 1755 903 1792; x_wconf 91' lang='lat' dir='ltr'>cui</span> <span class='ocrx_word' id='word_1_156' title='bbox 932 1754 1055 1805; x_wconf 88' lang='lat' dir='ltr'>vulgo</span> <span class='ocrx_word' id='word_1_157' title='bbox 1090 1758 1218 1791; x_wconf 66' lang='lat' dir='ltr'>Gtonm</span> <span class='ocrx_word' id='word_1_158' title='bbox 1247 1756 1334 1789; x_wconf 72' lang='grc' dir='ltr'><strong>ΠΕΡι</strong></span> <span class='ocrx_word' id='word_1_159' title='bbox 1363 1757 1509 1791; x_wconf 66' lang='grc' dir='ltr'><strong>Φθοηογ</strong></span> <span class='ocrx_word' id='word_1_160' title='bbox 1533 1751 1715 1791; x_wconf 83' lang='lat' dir='ltr'>inscribi-</span> 
     </span>
     <span class='ocr_line' id='line_1_22' title="bbox 235 1822 1564 1879; baseline -0.002 -15"><span class='ocrx_word' id='word_1_161' title='bbox 235 1835 320 1873; x_wconf 82' lang='lat' dir='ltr'>tur,</span> <span class='ocrx_word' id='word_1_162' title='bbox 348 1827 390 1864; x_wconf 87' lang='lat' dir='ltr'>hi</span> <span class='ocrx_word' id='word_1_163' title='bbox 419 1841 582 1879; x_wconf 84' lang='lat' dir='ltr'>prorsus</span> <span class='ocrx_word' id='word_1_164' title='bbox 605 1827 657 1867; x_wconf 85' lang='lat' dir='ltr'>ad</span> <span class='ocrx_word' id='word_1_165' title='bbox 686 1838 860 1866; x_wconf 81' lang='lat' dir='ltr'>scaenae</span> <span class='ocrx_word' id='word_1_166' title='bbox 890 1837 1041 1863; x_wconf 89' lang='lat' dir='ltr'>morem</span> <span class='ocrx_word' id='word_1_167' title='bbox 1069 1823 1167 1862; x_wconf 85' lang='lat' dir='ltr'>facti</span> <span class='ocrx_word' id='word_1_168' title='bbox 1191 1835 1333 1862; x_wconf 85' lang='lat' dir='ltr'>versus</span> <span class='ocrx_word' id='word_1_169' title='bbox 1357 1822 1564 1873; x_wconf 87' lang='lat' dir='ltr'>leguntur:</span> 
     </span>
    </p>
   </div>
   <div class='ocr_carea' id='block_1_8' title="bbox 437 1926 1384 2188">
    <p class='ocr_par' dir='ltr' id='par_1_8' title="bbox 437 1926 1384 2188">
     <span class='ocr_line' id='line_1_23' title="bbox 447 1926 1384 1978; baseline -0.005 -12"><span class='ocrx_word' id='word_1_170' title='bbox 447 1931 593 1978; x_wconf 82' lang='lat' dir='ltr'><em>Vosque</em></span> <span class='ocrx_word' id='word_1_171' title='bbox 624 1930 663 1967; x_wconf 79' lang='lat' dir='ltr'>in</span> <span class='ocrx_word' id='word_1_172' title='bbox 694 1931 844 1967; x_wconf 79' lang='lat' dir='ltr'>theatro</span> <span class='ocrx_word' id='word_1_173' title='bbox 871 1928 939 1975; x_wconf 83' lang='lat' dir='ltr'>qui</span> <span class='ocrx_word' id='word_1_174' title='bbox 969 1928 1196 1974; x_wconf 79' lang='lat' dir='ltr'>voluptatem</span> <span class='ocrx_word' id='word_1_175' title='bbox 1225 1926 1384 1962; x_wconf 75' lang='lat' dir='ltr'>auribus</span> 
     </span>
     <span class='ocr_line' id='line_1_24' title="bbox 441 1997 1276 2048; baseline -0.005 -11"><span class='ocrx_word' id='word_1_176' title='bbox 441 2002 528 2038; x_wconf 86' lang='lat' dir='ltr'>Huc</span> <span class='ocrx_word' id='word_1_177' title='bbox 557 2002 792 2048; x_wconf 76' lang='lat' dir='ltr'><em>at&#39;ccupalum</em></span> <span class='ocrx_word' id='word_1_178' title='bbox 824 1997 1127 2037; x_wconf 71' lang='lat' dir='ltr'>concucurrisu&#39;s</span> <span class='ocrx_word' id='word_1_179' title='bbox 1156 1999 1276 2041; x_wconf 83' lang='lat' dir='ltr'>clomo,</span> 
     </span>
     <span class='ocr_line' id='line_1_25' title="bbox 437 2069 1369 2118; baseline -0.004 -10"><span class='ocrx_word' id='word_1_180' title='bbox 437 2071 595 2116; x_wconf 78' lang='lat' dir='ltr'>Ade&#39;ste,</span> <span class='ocrx_word' id='word_1_181' title='bbox 627 2075 664 2108; x_wconf 77' lang='lat' dir='ltr'>et</span> <span class='ocrx_word' id='word_1_182' title='bbox 693 2084 716 2107; x_wconf 88' lang='lat' dir='ltr'>a</span> <span class='ocrx_word' id='word_1_183' title='bbox 743 2081 801 2107; x_wconf 88' lang='lat' dir='ltr'>me</span> <span class='ocrx_word' id='word_1_184' title='bbox 831 2070 933 2118; x_wconf 85' lang='lat' dir='ltr'>quae&#39;</span> <span class='ocrx_word' id='word_1_185' title='bbox 956 2070 1085 2117; x_wconf 86' lang='lat' dir='ltr'>feram</span> <span class='ocrx_word' id='word_1_186' title='bbox 1114 2071 1165 2105; x_wconf 83' lang='lat' dir='ltr'>mi</span> <span class='ocrx_word' id='word_1_187' title='bbox 1189 2069 1369 2116; x_wconf 71' lang='lat' dir='ltr'>qnos-cite,</span> 
     </span>
     <span class='ocr_line' id='line_1_26' title="bbox 437 2139 1262 2188; baseline -0.005 -10"><span class='ocrx_word' id='word_1_188' title='bbox 437 2142 598 2178; x_wconf 85' lang='lat' dir='ltr'><em>Domum</em></span> <span class='ocrx_word' id='word_1_189' title='bbox 627 2142 669 2178; x_wconf 80' lang='lat' dir='ltr'>ut</span> <span class='ocrx_word' id='word_1_190' title='bbox 696 2140 838 2188; x_wconf 77' lang='lat' dir='ltr'>feratis</span> <span class='ocrx_word' id='word_1_191' title='bbox 868 2140 891 2177; x_wconf 91' lang='lat' dir='ltr'>e&#39;</span> <span class='ocrx_word' id='word_1_192' title='bbox 919 2141 1068 2178; x_wconf 76' lang='lat' dir='ltr'>theatro</span> <span class='ocrx_word' id='word_1_193' title='bbox 1100 2139 1262 2176; x_wconf 76' lang='lat' dir='ltr'>litteras.</span> 
     </span>
    </p>
   </div>
   <div class='ocr_carea' id='block_1_9' title="bbox 236 2233 1719 2850">
    <p class='ocr_par' dir='ltr' id='par_1_9' title="bbox 236 2233 1719 2850">
     <span class='ocr_line' id='line_1_27' title="bbox 236 2233 1715 2288; baseline -0.005 -13"><span class='ocrx_word' id='word_1_194' title='bbox 236 2238 350 2275; x_wconf 80' lang='lat' dir='ltr'>Mitto</span> <span class='ocrx_word' id='word_1_195' title='bbox 382 2250 509 2283; x_wconf 88' lang='lat' dir='ltr'>nunc,</span> <span class='ocrx_word' id='word_1_196' title='bbox 560 2248 663 2288; x_wconf 84' lang='lat' dir='ltr'>quae</span> <span class='ocrx_word' id='word_1_197' title='bbox 695 2236 736 2273; x_wconf 91' lang='lat' dir='ltr'>in</span> <span class='ocrx_word' id='word_1_198' title='bbox 766 2235 829 2273; x_wconf 85' lang='lat' dir='ltr'>his</span> <span class='ocrx_word' id='word_1_199' title='bbox 863 2234 1046 2274; x_wconf 82' lang='lat' dir='ltr'>versibus</span> <span class='ocrx_word' id='word_1_200' title='bbox 1077 2233 1290 2272; x_wconf 80' lang='lat' dir='ltr'>offensioni</span> <span class='ocrx_word' id='word_1_201' title='bbox 1321 2233 1420 2278; x_wconf 85' lang='lat' dir='ltr'>sint,</span> <span class='ocrx_word' id='word_1_202' title='bbox 1461 2236 1553 2269; x_wconf 85' lang='lat' dir='ltr'>sunt</span> <span class='ocrx_word' id='word_1_203' title='bbox 1584 2236 1715 2282; x_wconf 84' lang='lat' dir='ltr'>autem</span> 
     </span>
     <span class='ocr_line' id='line_1_28' title="bbox 237 2301 1715 2359; baseline -0.005 -14"><span class='ocrx_word' id='word_1_204' title='bbox 237 2307 437 2359; x_wconf 86' lang='lat' dir='ltr'>quaedam</span> <span class='ocrx_word' id='word_1_205' title='bbox 474 2305 651 2344; x_wconf 87' lang='lat' dir='ltr'>nondum</span> <span class='ocrx_word' id='word_1_206' title='bbox 685 2304 737 2343; x_wconf 89' lang='lat' dir='ltr'>ad</span> <span class='ocrx_word' id='word_1_207' title='bbox 774 2304 969 2356; x_wconf 87' lang='lat' dir='ltr'>liquidum</span> <span class='ocrx_word' id='word_1_208' title='bbox 1008 2303 1226 2356; x_wconf 84' lang='lat' dir='ltr'>perducta:</span> <span class='ocrx_word' id='word_1_209' title='bbox 1274 2301 1315 2340; x_wconf 85' lang='lat' dir='ltr'>id</span> <span class='ocrx_word' id='word_1_210' title='bbox 1350 2314 1471 2339; x_wconf 88' lang='lat' dir='ltr'>unum</span> <span class='ocrx_word' id='word_1_211' title='bbox 1508 2302 1549 2339; x_wconf 89' lang='lat' dir='ltr'>in</span> <span class='ocrx_word' id='word_1_212' title='bbox 1587 2306 1715 2338; x_wconf 82' lang='lat' dir='ltr'>trans-</span> 
     </span>
     <span class='ocr_line' id='line_1_29' title="bbox 237 2371 1717 2426; baseline -0.007 -9"><span class='ocrx_word' id='word_1_213' title='bbox 237 2392 356 2417; x_wconf 78' lang='lat' dir='ltr'>cursu</span> <span class='ocrx_word' id='word_1_214' title='bbox 386 2376 632 2423; x_wconf 81' lang='lat' dir='ltr'>admonebo,</span> <span class='ocrx_word' id='word_1_215' title='bbox 672 2388 724 2413; x_wconf 89' lang='lat' dir='ltr'>ne</span> <span class='ocrx_word' id='word_1_216' title='bbox 754 2374 929 2413; x_wconf 88' lang='lat' dir='ltr'>indicem</span> <span class='ocrx_word' id='word_1_217' title='bbox 958 2373 1121 2426; x_wconf 85' lang='lat' dir='ltr'>quidem</span> <span class='ocrx_word' id='word_1_218' title='bbox 1152 2374 1237 2412; x_wconf 84' lang='lat' dir='ltr'>eius</span> <span class='ocrx_word' id='word_1_219' title='bbox 1268 2379 1429 2411; x_wconf 73' lang='lat' dir='ltr'>saturae</span> <span class='ocrx_word' id='word_1_220' title='bbox 1454 2371 1576 2421; x_wconf 86' lang='lat' dir='ltr'>vulgo</span> <span class='ocrx_word' id='word_1_221' title='bbox 1607 2375 1717 2408; x_wconf 82' lang='lat' dir='ltr'>recte</span> 
     </span>
     <span class='ocr_line' id='line_1_30' title="bbox 237 2441 1716 2498; baseline -0.005 -12"><span class='ocrx_word' id='word_1_222' title='bbox 237 2449 371 2487; x_wconf 76' lang='lat' dir='ltr'>scribi.</span> <span class='ocrx_word' id='word_1_223' title='bbox 430 2448 590 2498; x_wconf 88' lang='lat' dir='ltr'>Nempe</span> <span class='ocrx_word' id='word_1_224' title='bbox 628 2446 706 2485; x_wconf 84' lang='lat' dir='ltr'>duo</span> <span class='ocrx_word' id='word_1_225' title='bbox 744 2458 793 2484; x_wconf 87' lang='lat' dir='ltr'>ex</span> <span class='ocrx_word' id='word_1_226' title='bbox 834 2458 882 2483; x_wconf 86' lang='lat' dir='ltr'>ea</span> <span class='ocrx_word' id='word_1_227' title='bbox 921 2444 1149 2494; x_wconf 86' lang='lat' dir='ltr'>fragmenta</span> <span class='ocrx_word' id='word_1_228' title='bbox 1178 2444 1334 2482; x_wconf 88' lang='lat' dir='ltr'>Nonius</span> <span class='ocrx_word' id='word_1_229' title='bbox 1365 2442 1531 2480; x_wconf 83' lang='lat' dir='ltr'>tradidit</span> <span class='ocrx_word' id='word_1_230' title='bbox 1567 2441 1630 2479; x_wconf 86' lang='lat' dir='ltr'>his</span> <span class='ocrx_word' id='word_1_231' title='bbox 1658 2441 1716 2478; x_wconf 92' lang='lat' dir='ltr'>in-</span> 
     </span>
     <span class='ocr_line' id='line_1_31' title="bbox 237 2507 1716 2571; baseline -0.006 -14"><span class='ocrx_word' id='word_1_232' title='bbox 237 2519 539 2571; x_wconf 81' lang='lat' dir='ltr'>scriptionibus:</span> <span class='ocrx_word' id='word_1_233' title='bbox 589 2531 628 2568; x_wconf 89' lang='lat' dir='ltr'>p.</span> <span class='ocrx_word' id='word_1_234' title='bbox 661 2521 749 2562; x_wconf 70' lang='grc'>325,</span> <span class='ocrx_word' id='word_1_235' title='bbox 790 2523 830 2555; x_wconf 81' lang='lat'>15</span> <span class='ocrx_word' id='word_1_236' title='bbox 877 2516 1000 2552; x_wconf 86' lang='lat' dir='ltr'>Varro</span> <span class='ocrx_word' id='word_1_237' title='bbox 1034 2517 1195 2562; x_wconf 78' lang='lat' dir='ltr'>qloriam</span> <span class='ocrx_word' id='word_1_238' title='bbox 1244 2510 1333 2560; x_wconf 76' lang='grc' dir='ltr'><strong><em>περὶ</em></strong></span> <span class='ocrx_word' id='word_1_239' title='bbox 1373 2507 1554 2561; x_wconf 67' lang='grc' dir='ltr'>φθόνους</span> <span class='ocrx_word' id='word_1_240' title='bbox 1609 2516 1650 2549; x_wconf 85' lang='lat' dir='ltr'>et</span> <span class='ocrx_word' id='word_1_241' title='bbox 1678 2524 1716 2562; x_wconf 87' lang='lat' dir='ltr'>p.</span> 
     </span>
     <span class='ocr_line' id='line_1_32' title="bbox 242 2578 1716 2637; baseline -0.007 -8"><span class='ocrx_word' id='word_1_242' title='bbox 242 2578 326 2637; x_wconf 67' lang='grc'>148,</span> <span class='ocrx_word' id='word_1_243' title='bbox 363 2598 399 2630; x_wconf 86' lang='lat'>1:</span> <span class='ocrx_word' id='word_1_244' title='bbox 450 2591 574 2626; x_wconf 77' lang='lat' dir='ltr'>Varro</span> <span class='ocrx_word' id='word_1_245' title='bbox 604 2592 641 2624; x_wconf 79' lang='lat' dir='ltr'>in</span> <span class='ocrx_word' id='word_1_246' title='bbox 670 2589 810 2634; x_wconf 73' lang='lat' dir='ltr'>ylario,</span> <span class='ocrx_word' id='word_1_247' title='bbox 859 2589 947 2634; x_wconf 77' lang='lat' dir='ltr'>peri</span> <span class='ocrx_word' id='word_1_248' title='bbox 975 2592 1082 2623; x_wconf 84' lang='lat' dir='ltr'>otou:</span> <span class='ocrx_word' id='word_1_249' title='bbox 1128 2586 1186 2623; x_wconf 84' lang='lat' dir='ltr'>sic</span> <span class='ocrx_word' id='word_1_250' title='bbox 1212 2586 1317 2622; x_wconf 78' lang='lat' dir='ltr'>enim</span> <span class='ocrx_word' id='word_1_251' title='bbox 1345 2583 1401 2621; x_wconf 90' lang='lat' dir='ltr'>ibi</span> <span class='ocrx_word' id='word_1_252' title='bbox 1432 2582 1606 2619; x_wconf 77' lang='lat' dir='ltr'>editores</span> <span class='ocrx_word' id='word_1_253' title='bbox 1638 2581 1716 2618; x_wconf 85' lang='lat' dir='ltr'>Ba-</span> 
     </span>
     <span class='ocr_line' id='line_1_33' title="bbox 239 2639 1715 2710; baseline -0.007 -13"><span class='ocrx_word' id='word_1_254' title='bbox 239 2660 455 2706; x_wconf 78' lang='lat' dir='ltr'>sileenses,</span> <span class='ocrx_word' id='word_1_255' title='bbox 494 2659 563 2710; x_wconf 86' lang='lat' dir='ltr'>qui</span> <span class='ocrx_word' id='word_1_256' title='bbox 595 2639 685 2705; x_wconf 52' lang='lat' dir='ltr'>pessi</span> <span class='ocrx_word' id='word_1_257' title='bbox 721 2663 822 2694; x_wconf 79' lang='lat' dir='ltr'>toton</span> <span class='ocrx_word' id='word_1_258' title='bbox 859 2657 992 2708; x_wconf 88' lang='lat' dir='ltr'>priore</span> <span class='ocrx_word' id='word_1_259' title='bbox 1031 2661 1044 2692; x_wconf 82' lang='lat' dir='ltr'>t</span> <span class='ocrx_word' id='word_1_260' title='bbox 1080 2655 1244 2693; x_wconf 86' lang='lat' dir='ltr'>inducto</span> <span class='ocrx_word' id='word_1_261' title='bbox 1283 2651 1715 2695; x_wconf 75' lang='lat' dir='ltr'>Wolfenbuttolanum,</span> 
     </span>
     <span class='ocr_line' id='line_1_34' title="bbox 237 2722 1716 2777; baseline -0.005 -11"><span class='ocrx_word' id='word_1_262' title='bbox 237 2733 322 2777; x_wconf 80' lang='lat' dir='ltr'>iper</span> <span class='ocrx_word' id='word_1_263' title='bbox 352 2736 452 2766; x_wconf 72' lang='lat' dir='ltr'>tolon</span> <span class='ocrx_word' id='word_1_264' title='bbox 483 2728 727 2766; x_wconf 77' lang='lat' dir='ltr'>Leidensem</span> <span class='ocrx_word' id='word_1_265' title='bbox 757 2726 948 2765; x_wconf 85' lang='lat' dir='ltr'>exhibere</span> <span class='ocrx_word' id='word_1_266' title='bbox 980 2725 1187 2765; x_wconf 84' lang='lat' dir='ltr'>adnotant.</span> <span class='ocrx_word' id='word_1_267' title='bbox 1248 2725 1384 2776; x_wconf 86' lang='lat' dir='ltr'>Atque</span> <span class='ocrx_word' id='word_1_268' title='bbox 1411 2723 1516 2761; x_wconf 84' lang='lat' dir='ltr'>hanc</span> <span class='ocrx_word' id='word_1_269' title='bbox 1547 2723 1632 2759; x_wconf 84' lang='lat' dir='ltr'>eius</span> <span class='ocrx_word' id='word_1_270' title='bbox 1649 2722 1716 2759; x_wconf 70' lang='lat'>“111-</span> 
     </span>
     <span class='ocr_line' id='line_1_35' title="bbox 239 2791 1719 2850; baseline -0.005 -14"><span class='ocrx_word' id='word_1_271' title='bbox 239 2800 465 2850; x_wconf 80' lang='lat' dir='ltr'>scriptionis</span> <span class='ocrx_word' id='word_1_272' title='bbox 499 2799 676 2850; x_wconf 75' lang='lat' dir='ltr'>speciem</span> <span class='ocrx_word' id='word_1_273' title='bbox 708 2798 810 2836; x_wconf 87' lang='lat' dir='ltr'>adeo</span> <span class='ocrx_word' id='word_1_274' title='bbox 849 2797 898 2836; x_wconf 90' lang='lat' dir='ltr'>ab</span> <span class='ocrx_word' id='word_1_275' title='bbox 936 2797 1007 2835; x_wconf 82' lang='lat' dir='ltr'>illa</span> <span class='ocrx_word' id='word_1_276' title='bbox 1037 2796 1268 2848; x_wconf 79' lang='lat' dir='ltr'>discrepare</span> <span class='ocrx_word' id='word_1_277' title='bbox 1297 2808 1386 2833; x_wconf 89' lang='lat' dir='ltr'>cum</span> <span class='ocrx_word' id='word_1_278' title='bbox 1415 2794 1508 2831; x_wconf 87' lang='lat' dir='ltr'>olim</span> <span class='ocrx_word' id='word_1_279' title='bbox 1536 2791 1719 2830; x_wconf 86' lang='lat' dir='ltr'>nonnulli</span> 
     </span>
    </p>
   </div>
   <div class='ocr_carea' id='block_1_10' title="bbox 239 2863 1715 2920">
    <p class='ocr_par' dir='ltr' id='par_1_10' title="bbox 239 2863 1715 2920">
     <span class='ocr_line' id='line_1_36' title="bbox 239 2863 1715 2920; baseline -0.003 -15"><span class='ocrx_word' id='word_1_280' title='bbox 239 2874 320 2905; x_wconf 86' lang='lat' dir='ltr'>tum</span> <span class='ocrx_word' id='word_1_281' title='bbox 352 2882 480 2919; x_wconf 81' lang='lat' dir='ltr'>nuper</span> <span class='ocrx_word' id='word_1_282' title='bbox 508 2870 563 2906; x_wconf 87' lang='lat' dir='ltr'>M.</span> <span class='ocrx_word' id='word_1_283' title='bbox 592 2870 803 2907; x_wconf 83' lang='lat' dir='ltr'>Hertzium</span> <span class='ocrx_word' id='word_1_284' title='bbox 836 2868 999 2920; x_wconf 76' lang='lat' dir='ltr'>(Berlin.</span> <span class='ocrx_word' id='word_1_285' title='bbox 1025 2870 1158 2905; x_wconf 80' lang='lat' dir='ltr'>Jahrb.</span> <span class='ocrx_word' id='word_1_286' title='bbox 1189 2868 1221 2915; x_wconf 78' lang='lat' dir='ltr'>f.</span> <span class='ocrx_word' id='word_1_287' title='bbox 1249 2869 1343 2903; x_wconf 76' lang='lat' dir='ltr'>miss.</span> <span class='ocrx_word' id='word_1_288' title='bbox 1374 2867 1474 2902; x_wconf 74' lang='lat' dir='ltr'>Is&#39;rit.</span> <span class='ocrx_word' id='word_1_289' title='bbox 1503 2870 1590 2904; x_wconf 76' lang='lat'>1845</span> <span class='ocrx_word' id='word_1_290' title='bbox 1628 2863 1648 2901; x_wconf 93' lang='lat' dir='ltr'>I</span> <span class='ocrx_word' id='word_1_291' title='bbox 1676 2876 1715 2913; x_wconf 89' lang='lat' dir='ltr'>p.</span> 
     </span>
    </p>
   </div>
  </div>
 </body>
</html>
