1898 3236
288 228 337 266 16
837 225 1178 266 όοΝιΕοΤΑΝΕΑ.

281 340 546 390 ‘Harmogen'

585 339 661 378 hoc
693 340 782 378 loco
812 353 884 391 pro
919 340 1128 378 harmonia
1163 340 1243 378 dici
1282 346 1466 392 apertum
1497 348 1577 380 est:
1621 341 1764 380 eadem

281 413 322 451 vi
353 413 421 464 qui
451 425 540 449 eam
569 422 712 448 vocem
742 410 1017 460 usurpaverit,
1057 422 1077 447 e
1103 411 1294 449 Romanis
1323 412 1543 459 neminem,
1582 425 1603 450 e
1635 412 1762 451 Grae-

283 483 339 520 cis
376 496 497 520 unum
533 482 627 519 novi
660 479 855 530 Eupolin‚
897 479 946 517 de
984 493 1062 531 quo
1089 480 1237 519 Pollux
1275 483 1316 520 in
1352 481 1598 521 onomastico
1629 481 1690 520 IV
1719 486 1762 522 57

281 545 356 601 τήν
388 549 428 589 δὲ
457 544 650 602 ἁρμονίαν
675 542 853 600 ἁρμογὴν
885 542 1059 596 Εὔπολις
1088 549 1220 601 εἴρηκε

552 646 701 701 ταύτην
730 643 805 702 ε’γώ
830 642 993 699 ’ζῆτουν
1022 646 1142 690 πάλαι
1170 645 1243 702 τὴν
1272 645 1466 705 ἁρμογήν.

283 756 346 794 Cf.
376 753 604 794 Meinekius
634 754 798 803 Fragm.
830 765 930 791 com.
960 766 1094 803 graec.
1130 754 1172 792 II
1199 768 1238 806 p.
1267 760 1348 796 432.

282 826 441 864 ‘Motus
482 823 585 862 dios'
622 823 777 861 Nonius
811 836 851 874 p.
886 829 971 870 100,
1003 829 1045 864 31
1087 823 1279 864 ‘diutinos
1318 840 1366 865 ac
1396 827 1528 877 iuges’
1568 824 1765 876 explicuit

282 897 570 935 convenienter
607 892 852 939 sententiae,
895 906 973 930 non
1004 893 1099 931 item
1128 896 1218 934 usui
1246 898 1379 944 vocis,
1423 910 1544 949 quam
1573 901 1709 933 tamen
1739 907 1764 932 a

283 968 463 1007 Varrone
495 965 660 1011 credere
697 964 738 1001 in
774 976 863 1002 eam
894 963 975 1001 vim
1011 963 1232 1005 adhibitam
1271 966 1368 1019 quid
1395 964 1536 1005 vetat?
1596 965 1762 1015 ‘Veget'

282 1037 390 1090 quod
427 1037 504 1075 hoc
540 1037 652 1083 loco,
694 1040 736 1072 ut
765 1033 921 1072 Nonius
950 1033 1118 1073 adnotat
1143 1049 1183 1088 p.
1213 1042 1301 1084 183,
1339 1041 1381 1084 7,
1422 1035 1574 1074 dictum
1603 1041 1665 1074 est
1690 1048 1764 1087 pro

281 1107 491 1158 ‘vegetat'
535 1106 601 1144 vel
635 1104 815 1154 ‘erigit'‚
854 1104 895 1141 in
932 1107 1042 1141 ΜΛΝιο
1083 1105 1131 1144 fr.
1167 1111 1213 1146 22
1242 1106 1402 1157 vulgari
1431 1106 1595 1145 notione
1625 1118 1764 1144 occur-

280 1179 351 1226 rit,
392 1184 435 1216 ut
469 1178 520 1215 sit
555 1178 763 1231 ‘vegetum
794 1175 892 1213 est':
954 1176 1032 1213 Nec
1070 1181 1184 1214 natus
1221 1182 1276 1214 est
1314 1188 1383 1214 nec
1412 1179 1616 1223 morietur,
1653 1179 1762 1225 viyet,

281 1253 403 1297 υθρει,
436 1252 477 1285 ut
499 1251 588 1295 pote
615 1249 835 1294 plurimum.
896 1245 1109 1293 Attamen,
1155 1259 1206 1284 ne
1237 1245 1333 1298 quid
1365 1245 1634 1295 dissimulem,
1674 1259 1763 1285 cum

280 1317 522 1356 sententiam
560 1315 755 1364 feliciter,
794 1321 838 1354 ut
869 1322 991 1367 puto,
1036 1316 1207 1354 eruerim
1241 1315 1351 1355 illius
1387 1317 1603 1367 fragmenti
1646 1315 1761 1367 (XI),

282 1388 331 1427 de
370 1388 467 1427 sede
506 1400 553 1426 ac
591 1398 697 1423 nexu
734 1385 831 1423 licet
868 1385 1094 1436 ambigere,
1132 1392 1177 1424 ut
1206 1386 1273 1425 vel
1302 1386 1412 1424 infra
1447 1387 1579 1424 locum
1611 1385 1762 1424 habere

280 1459 456 1510 p'otuerit
482 1457 555 1505 ibi,
586 1456 653 1495 ubi
684 1457 810 1508 ipsius
838 1456 947 1506 origo
974 1456 1152 1494 musicae
1180 1470 1204 1494 a
1231 1456 1466 1508 primordiis
1490 1455 1761 1508 repetebatur.

392 1541 460 1578 Fr.
490 1539 578 1577 XII
609 1551 848 1591 suspensam
875 1543 1116 1576 structuram
1136 1537 1232 1576 licet
1250 1538 1471 1589 praemisso
1500 1538 1666 1577 ‘nescis'
1697 1538 1763 1576 vel

282 1609 403 1648 simili
440 1609 642 1662 supplere.
712 1609 924 1648 Structura
961 1609 1052 1661 ipsa
1085 1614 1126 1648 et
1157 1607 1372 1648 verborum
1410 1609 1644 1658 collocatio,
1682 1622 1764 1647 non

280 1668 353 1718 illa
382 1678 548 1729 elegans
579 1692 628 1717 ac
656 1684 848 1727 venusta,
889 1679 1061 1718 Varroni
1100 1680 1221 1718 etiam
1256 1679 1297 1716 in
1330 1679 1475 1717 saturis
1512 1678 1634 1718 facile
1669 1692 1761 1717 con-

281 1749 515 1788 donabitur:
566 1749 754 1800 coniungi
793 1754 927 1787 autem
965 1755 1142 1801 oportet:
1191 1755 1423 1787 commutare
1462 1755 1604 1787 mentes
1651 1752 1764 1788 totius

281 1823 423 1858 theatri
449 1820 487 1858 h.
521 1833 555 1858 e.
593 1820 767 1872 omnium
803 1818 987 1865 θεατῶν,
1026 1825 1070 1857 ut
1098 1832 1149 1858 ne
1179 1831 1308 1858 eorum
1339 1819 1521 1871 quidem,
1561 1818 1669 1871 quod
1699 1832 1760 1858 se-

282 1891 435 1947 quitur,
468 1889 519 1928 ad
546 1893 687 1927 theatri
716 1889 886 1927 relatum
917 1889 1068 1929 habeat
1098 1903 1169 1928 cur
1197 1888 1468 1928 addubitetur.
1518 1890 1607 1928 Nec
1633 1886 1760 1940 magis

281 1962 423 2011 attingi
473 1960 621 1999 debent
666 1960 788 1997 haec:
839 1963 937 1998 tibiis
984 1963 1117 1998 crebro
1152 1963 1356 2009 flectendo,
1401 1973 1507 2013 quae
1542 1960 1759 2011 persentis-

282 2033 384 2070 citur
434 2031 529 2084 quid
576 2030 764 2068 differant
809 2029 859 2068 ab
909 2032 971 2069 his
1021 2034 1131 2070 tibias
1166 2033 1300 2068 crebro
1336 2032 1523 2078 flectendo
1560 2029 1627 2068 vel
1665 2032 1763 2067 tibiis

280 2105 414 2140 crebro
455 2104 663 2151 flectendis.
730 2101 918 2139 Flectere
963 2100 1081 2139 tibias
1129 2099 1225 2152 quid
1271 2093 1342 2147 sit,
1391 2101 1514 2151 vulgo
1559 2085 1761 2150 cognitum

283 2178 355 2210 est.
423 2172 492 2210 Sic
526 2172 740 2211 Lucretius
779 2173 817 2211 V
855 2176 944 2212 1406
973 2174 1112 2210 ducere
1146 2182 1255 2209 voces
1290 2176 1326 2208 et
1360 2173 1514 2219 flectere
1547 2174 1684 2207 cantus
1721 2175 1761 2206 et

283 2242 454 2281 Ovidius
493 2256 671 2281 amorum
707 2243 751 2281 II
786 2252 830 2289 4,
874 2247 918 2282 25
956 2244 1064 2279 dulce
1109 2245 1211 2279 canit
1246 2244 1437 2290 flectitque
1470 2241 1657 2289 facillima
1699 2252 1760 2277 vo-

280 2327 372 2353 cem.
431 2313 586 2352 Plinius
623 2314 663 2351 in
699 2313 874 2352 naturali
909 2312 1077 2350 historia
1109 2311 1214 2350 XVI
1244 2309 1270 2360 ἓ
1302 2316 1362 2352 171
1398 2316 1601 2360 postquam
1638 2312 1761 2348 varie-

281 2393 340 2423 tas
381 2388 541 2423 accessit
579 2390 615 2421 et
655 2390 791 2422 cantus
826 2395 974 2432 quoque
1016 2386 1282 2428 luxuriantes,
1330 2385 1440 2420 caedi
1475 2388 1563 2419 ante
1604 2383 1762 2418 solstitia

280 2461 434 2503 coeptae
469 2460 505 2492 et
535 2457 626 2502 fieri
657 2457 767 2492 utiles
799 2458 837 2492 in
870 2457 1045 2499 trimatu,
1088 2456 1344 2501 apertioribus
1377 2465 1509 2490 earum
1533 2454 1685 2500 linqulis
1712 2454 1763 2489 ad

279 2529 485 2576 flectendos
508 2537 630 2563 sonos.
677 2525 785 2563 Hinc
815 2530 948 2562 autem
975 2528 1036 2562 est
1063 2523 1171 2575 quod
1192 2522 1391 2562 Oehlerus
1418 2522 1575 2561 scribit:
1609 2522 1760 2574 ‘loqui-

281 2603 346 2635 tur
373 2596 422 2634 de
452 2595 616 2634 tibicine
648 2595 776 2646 perito
808 2599 848 2632 et
879 2594 1101 2645 eleganti’:
1149 2594 1217 2647 qui
1249 2593 1357 2646 quod
1385 2594 1472 2631 istis
1499 2593 1620 2630 totius
1653 2592 1758 2642 frag-

282 2668 406 2705 menti
442 2667 524 2705 vim
561 2665 754 2704 illustrari
791 2669 925 2716 putat,
974 2664 1151 2704 ostendit
1194 2676 1239 2702 se
1279 2663 1431 2701 nullam
1477 2662 1563 2700 eius
1601 2666 1758 2712 partem

281 2742 510 2775 assecutum
535 2749 638 2775 esse.
697 2737 930 2774 Commutari
957 2734 1066 2787 quod
1094 2734 1233 2773 scribit
1264 2734 1448 2784 Scaliger
1476 2732 1516 2769 in
1545 2729 1756 2768 verborum

282 2807 622 2845 Varronianorum
649 2806 906 2858 etymologiis
937 2805 1057 2857 (coni.
1084 2820 1123 2858 p.
1152 2806 1245 2851 169),
1285 2809 1354 2842 aut
1378 2814 1513 2841 errore
1540 2801 1758 2839 memoriae

281 2876 399 2923 feeit,
435 2883 502 2914 aut
529 2890 606 2927 quo
636 2877 882 2914 concinnitas
913 2881 1113 2913 constaret
1127 2869 1151 2921 ,⁶
1168 2861 1363 2925 sequente
1391 2872 1487 2920 friyi
1514 2872 1641 2909 forma
1665 2884 1755 2922 pas—
