<?xml version="1.0" encoding="UTF-8"?>
<!DOCTYPE html PUBLIC "-//W3C//DTD XHTML 1.0 Transitional//EN"
    "http://www.w3.org/TR/xhtml1/DTD/xhtml1-transitional.dtd">
<html xmlns="http://www.w3.org/1999/xhtml" xml:lang="en" lang="en">
 <head>
  <title>
</title>
<meta http-equiv="Content-Type" content="text/html;charset=utf-8" />
  <meta name='ocr-system' content='tesseract 3.04.00' />
  <meta name='ocr-capabilities' content='ocr_page ocr_carea ocr_par ocr_line ocrx_word'/>
</head>
<body>
  <div class='ocr_page' id='page_1' title='image "./inmterentivarron00vahluoft/inmterentivarron00vahluoft_0183.png"; bbox 0 0 1898 3236; ppageno 0'>
   <div class='ocr_carea' id='block_1_1' title="bbox 700 249 1618 298">
    <p class='ocr_par' dir='ltr' id='par_1_1' title="bbox 700 249 1618 298">
     <span class='ocr_line' id='line_1_1' title="bbox 700 249 1618 298; baseline 0.001 -1"><span class='ocrx_word' id='word_1_1' title='bbox 700 249 1042 298; x_wconf 69' lang='lat' dir='ltr'>comncrANEA.</span> <span class='ocrx_word' id='word_1_2' title='bbox 1239 277 1241 279; x_wconf 60' lang='lat'>&gt;</span> <span class='ocrx_word' id='word_1_3' title='bbox 1540 256 1618 298; x_wconf 86' lang='lat'>173</span> 
     </span>
    </p>
   </div>
   <div class='ocr_carea' id='block_1_2' title="bbox 126 368 1623 1274">
    <p class='ocr_par' dir='ltr' id='par_1_2' title="bbox 127 368 1623 920">
     <span class='ocr_line' id='line_1_2' title="bbox 128 368 1619 422; baseline -0.002 -11"><span class='ocrx_word' id='word_1_4' title='bbox 128 385 265 411; x_wconf 81' lang='lat' dir='ltr'>sanum</span> <span class='ocrx_word' id='word_1_5' title='bbox 304 378 339 411; x_wconf 78' lang='lat' dir='ltr'>te</span> <span class='ocrx_word' id='word_1_6' title='bbox 379 383 508 411; x_wconf 84' lang='lat' dir='ltr'>omnes</span> <span class='ocrx_word' id='word_1_7' title='bbox 540 374 660 420; x_wconf 78' lang='lat' dir='ltr'>pueri</span> <span class='ocrx_word' id='word_1_8' title='bbox 690 374 929 422; x_wconf 83' lang='lat' dir='ltr'><strong><em>clamentque</em></strong></span> <span class='ocrx_word' id='word_1_9' title='bbox 962 373 1129 420; x_wconf 82' lang='lat' dir='ltr'>puellae.</span> <span class='ocrx_word' id='word_1_10' title='bbox 1188 370 1255 409; x_wconf 92' lang='lat' dir='ltr'>De</span> <span class='ocrx_word' id='word_1_11' title='bbox 1289 371 1360 407; x_wconf 83' lang='lat' dir='ltr'>bile</span> <span class='ocrx_word' id='word_1_12' title='bbox 1397 375 1487 407; x_wconf 82' lang='lat' dir='ltr'>atra</span> <span class='ocrx_word' id='word_1_13' title='bbox 1522 368 1619 408; x_wconf 89' lang='lat' dir='ltr'>vide</span> 
     </span>
     <span class='ocr_line' id='line_1_3' title="bbox 131 440 1620 493; baseline -0.003 -10"><span class='ocrx_word' id='word_1_14' title='bbox 131 443 300 483; x_wconf 88' lang='lat' dir='ltr'>Oehleri</span> <span class='ocrx_word' id='word_1_15' title='bbox 337 442 662 482; x_wconf 81' lang='lat' dir='ltr'><strong>adnotationem:</strong></span> <span class='ocrx_word' id='word_1_16' title='bbox 710 445 950 491; x_wconf 75' lang='lat' dir='ltr'>splendidam</span> <span class='ocrx_word' id='word_1_17' title='bbox 988 444 1097 480; x_wconf 85' lang='lat' dir='ltr'>bilem</span> <span class='ocrx_word' id='word_1_18' title='bbox 1146 454 1226 493; x_wconf 88' lang='lat' dir='ltr'>quo</span> <span class='ocrx_word' id='word_1_19' title='bbox 1264 453 1386 479; x_wconf 88' lang='lat' dir='ltr'>sensu</span> <span class='ocrx_word' id='word_1_20' title='bbox 1421 440 1463 478; x_wconf 92' lang='lat' dir='ltr'>in</span> <span class='ocrx_word' id='word_1_21' title='bbox 1497 440 1620 478; x_wconf 89' lang='lat' dir='ltr'>simili</span> 
     </span>
     <span class='ocr_line' id='line_1_4' title="bbox 131 510 1623 562; baseline -0.002 -9"><span class='ocrx_word' id='word_1_22' title='bbox 131 528 255 554; x_wconf 89' lang='lat' dir='ltr'>causa</span> <span class='ocrx_word' id='word_1_23' title='bbox 283 514 478 560; x_wconf 77' lang='lat' dir='ltr'>Horatius</span> <span class='ocrx_word' id='word_1_24' title='bbox 509 519 583 554; x_wconf 88' lang='lat' dir='ltr'>sat.</span> <span class='ocrx_word' id='word_1_25' title='bbox 611 513 654 552; x_wconf 92' lang='grc' dir='ltr'>ΙΙ</span> <span class='ocrx_word' id='word_1_26' title='bbox 675 520 708 561; x_wconf 85' lang='grc'>3,</span> <span class='ocrx_word' id='word_1_27' title='bbox 730 519 795 553; x_wconf 83' lang='grc'>141</span> <span class='ocrx_word' id='word_1_28' title='bbox 827 512 987 561; x_wconf 79' lang='lat' dir='ltr'>dixerit,</span> <span class='ocrx_word' id='word_1_29' title='bbox 1017 510 1282 550; x_wconf 84' lang='lat' dir='ltr'>Heindorfius</span> <span class='ocrx_word' id='word_1_30' title='bbox 1304 510 1515 562; x_wconf 86' lang='lat' dir='ltr'>explicuit.</span> <span class='ocrx_word' id='word_1_31' title='bbox 1556 510 1623 551; x_wconf 82' lang='lat' dir='ltr'>Of.</span> 
     </span>
     <span class='ocr_line' id='line_1_5' title="bbox 129 581 1620 638; baseline -0.004 -13"><span class='ocrx_word' id='word_1_32' title='bbox 129 592 344 638; x_wconf 80' lang='lat' dir='ltr'>praeterea</span> <span class='ocrx_word' id='word_1_33' title='bbox 381 584 431 623; x_wconf 88' lang='lat' dir='ltr'>de</span> <span class='ocrx_word' id='word_1_34' title='bbox 459 587 532 622; x_wconf 83' lang='lat' dir='ltr'>bile</span> <span class='ocrx_word' id='word_1_35' title='bbox 564 587 650 622; x_wconf 81' lang='lat' dir='ltr'>acri</span> <span class='ocrx_word' id='word_1_36' title='bbox 667 589 726 622; x_wconf 48' lang='lat' dir='ltr'>«et</span> <span class='ocrx_word' id='word_1_37' title='bbox 760 586 832 622; x_wconf 81' lang='lat' dir='ltr'>bile</span> <span class='ocrx_word' id='word_1_38' title='bbox 856 587 977 622; x_wconf 82' lang='lat' dir='ltr'>vitrea</span> <span class='ocrx_word' id='word_1_39' title='bbox 1008 582 1059 623; x_wconf 90' lang='lat' dir='ltr'>O.</span> <span class='ocrx_word' id='word_1_40' title='bbox 1088 583 1256 621; x_wconf 85' lang='lat' dir='ltr'>Iahnius</span> <span class='ocrx_word' id='word_1_41' title='bbox 1285 581 1337 620; x_wconf 87' lang='lat' dir='ltr'>ad</span> <span class='ocrx_word' id='word_1_42' title='bbox 1364 581 1550 620; x_wconf 84' lang='lat' dir='ltr'>Persium</span> <span class='ocrx_word' id='word_1_43' title='bbox 1579 595 1620 633; x_wconf 85' lang='lat' dir='ltr'>p.</span> 
     </span>
     <span class='ocr_line' id='line_1_6' title="bbox 130 652 1620 707; baseline -0.005 -11"><span class='ocrx_word' id='word_1_44' title='bbox 130 662 210 696; x_wconf 78' lang='lat'>122.</span> <span class='ocrx_word' id='word_1_45' title='bbox 242 662 321 698; x_wconf 77' lang='lat'>145.</span> <span class='ocrx_word' id='word_1_46' title='bbox 383 654 590 701; x_wconf 78' lang='lat' dir='ltr'>Ceterum,</span> <span class='ocrx_word' id='word_1_47' title='bbox 621 667 675 693; x_wconf 91' lang='lat' dir='ltr'>ne</span> <span class='ocrx_word' id='word_1_48' title='bbox 706 655 799 707; x_wconf 87' lang='lat' dir='ltr'>quis</span> <span class='ocrx_word' id='word_1_49' title='bbox 829 653 998 694; x_wconf 88' lang='lat' dir='ltr'>Oehleri</span> <span class='ocrx_word' id='word_1_50' title='bbox 1026 653 1290 705; x_wconf 85' lang='lat' dir='ltr'>neglegentia</span> <span class='ocrx_word' id='word_1_51' title='bbox 1318 652 1503 701; x_wconf 85' lang='lat' dir='ltr'>fallatur,</span> <span class='ocrx_word' id='word_1_52' title='bbox 1540 655 1620 700; x_wconf 81' lang='lat' dir='ltr'>opi-</span> 
     </span>
     <span class='ocr_line' id='line_1_7' title="bbox 127 723 1620 778; baseline -0.003 -13"><span class='ocrx_word' id='word_1_53' title='bbox 127 730 278 768; x_wconf 81' lang='lat' dir='ltr'>nionem</span> <span class='ocrx_word' id='word_1_54' title='bbox 315 739 405 766; x_wconf 86' lang='lat' dir='ltr'>esse</span> <span class='ocrx_word' id='word_1_55' title='bbox 435 728 710 774; x_wconf 76' lang='lat' dir='ltr'>suspicionem,</span> <span class='ocrx_word' id='word_1_56' title='bbox 763 739 845 764; x_wconf 93' lang='lat' dir='ltr'>non</span> <span class='ocrx_word' id='word_1_57' title='bbox 888 724 996 778; x_wconf 88' lang='lat' dir='ltr'>quod</span> <span class='ocrx_word' id='word_1_58' title='bbox 1033 725 1105 764; x_wconf 93' lang='lat' dir='ltr'>ille</span> <span class='ocrx_word' id='word_1_59' title='bbox 1141 724 1241 763; x_wconf 87' lang='lat' dir='ltr'>dicit</span> <span class='ocrx_word' id='word_1_60' title='bbox 1274 725 1423 773; x_wconf 79' lang='lat' dir='ltr'>famam</span> <span class='ocrx_word' id='word_1_61' title='bbox 1461 723 1620 761; x_wconf 89' lang='lat' dir='ltr'>Nonius</span> 
     </span>
     <span class='ocr_line' id='line_1_8' title="bbox 128 794 1619 849; baseline -0.003 -13"><span class='ocrx_word' id='word_1_62' title='bbox 128 798 291 849; x_wconf 84' lang='lat' dir='ltr'>scripsit</span> <span class='ocrx_word' id='word_1_63' title='bbox 327 810 368 848; x_wconf 87' lang='lat' dir='ltr'>p-</span> <span class='ocrx_word' id='word_1_64' title='bbox 397 803 485 844; x_wconf 84' lang='lat'>356,</span> <span class='ocrx_word' id='word_1_65' title='bbox 518 804 573 837; x_wconf 81' lang='lat'>15.</span> <span class='ocrx_word' id='word_1_66' title='bbox 616 799 847 836; x_wconf 81' lang='lat' dir='ltr'>clamitantis</span> <span class='ocrx_word' id='word_1_67' title='bbox 884 796 1013 835; x_wconf 86' lang='lat' dir='ltr'>forma</span> <span class='ocrx_word' id='word_1_68' title='bbox 1047 809 1130 834; x_wconf 89' lang='lat' dir='ltr'>non</span> <span class='ocrx_word' id='word_1_69' title='bbox 1169 795 1276 846; x_wconf 88' lang='lat' dir='ltr'>fugit</span> <span class='ocrx_word' id='word_1_70' title='bbox 1312 794 1619 832; x_wconf 86' lang='lat' dir='ltr'>Lachmannum</span> 
     </span>
     <span class='ocr_line' id='line_1_9' title="bbox 128 866 1442 920; baseline -0.002 -15"><span class='ocrx_word' id='word_1_71' title='bbox 128 866 180 906; x_wconf 88' lang='lat' dir='ltr'>ad</span> <span class='ocrx_word' id='word_1_72' title='bbox 211 868 393 906; x_wconf 89' lang='lat' dir='ltr'>Lucretii</span> <span class='ocrx_word' id='word_1_73' title='bbox 422 868 444 907; x_wconf 95' lang='lat' dir='ltr'>I</span> <span class='ocrx_word' id='word_1_74' title='bbox 470 873 539 909; x_wconf 82' lang='lat'>805</span> <span class='ocrx_word' id='word_1_75' title='bbox 569 882 609 920; x_wconf 91' lang='lat' dir='ltr'>p.</span> <span class='ocrx_word' id='word_1_76' title='bbox 637 875 696 909; x_wconf 84' lang='lat'>56.</span> <span class='ocrx_word' id='word_1_77' title='bbox 1439 870 1442 873; x_wconf 87' lang='lat'>&#39;</span> 
     </span>
    </p>

    <p class='ocr_par' dir='ltr' id='par_1_3' title="bbox 126 938 1621 1274">
     <span class='ocr_line' id='line_1_10' title="bbox 241 938 1621 987; baseline -0.004 -10"><span class='ocrx_word' id='word_1_78' title='bbox 241 938 330 977; x_wconf 87' lang='lat' dir='ltr'>Iam</span> <span class='ocrx_word' id='word_1_79' title='bbox 366 951 457 977; x_wconf 90' lang='lat' dir='ltr'>cum</span> <span class='ocrx_word' id='word_1_80' title='bbox 494 938 544 976; x_wconf 86' lang='lat' dir='ltr'>fr.</span> <span class='ocrx_word' id='word_1_81' title='bbox 585 945 631 980; x_wconf 79' lang='lat'>28</span> <span class='ocrx_word' id='word_1_82' title='bbox 665 944 832 987; x_wconf 80' lang='lat' dir='ltr'>propter</span> <span class='ocrx_word' id='word_1_83' title='bbox 874 941 1076 986; x_wconf 73' lang='lat' dir='ltr'>perc-repis</span> <span class='ocrx_word' id='word_1_84' title='bbox 1118 939 1270 976; x_wconf 80' lang='lat' dir='ltr'>vocibus</span> <span class='ocrx_word' id='word_1_85' title='bbox 1307 939 1467 975; x_wconf 79' lang='lat' dir='ltr'>volitans</span> <span class='ocrx_word' id='word_1_86' title='bbox 1503 946 1621 973; x_wconf 81' lang='lat' dir='ltr'>aures</span> 
     </span>
     <span class='ocr_line' id='line_1_11' title="bbox 127 1005 1621 1059; baseline -0.003 -12"><span class='ocrx_word' id='word_1_87' title='bbox 127 1011 230 1057; x_wconf 75' lang='lat' dir='ltr'>vulyi</span> <span class='ocrx_word' id='word_1_88' title='bbox 257 1007 464 1059; x_wconf 85' lang='lat' dir='ltr'>designari</span> <span class='ocrx_word' id='word_1_89' title='bbox 494 1007 642 1047; x_wconf 85' lang='lat' dir='ltr'>famam</span> <span class='ocrx_word' id='word_1_90' title='bbox 662 1007 863 1048; x_wconf 89' lang='lat' dir='ltr'>Oehlerus</span> <span class='ocrx_word' id='word_1_91' title='bbox 891 1014 1002 1048; x_wconf 88' lang='lat' dir='ltr'>recte</span> <span class='ocrx_word' id='word_1_92' title='bbox 1025 1007 1292 1058; x_wconf 81' lang='lat' dir='ltr'>admonuerit,</span> <span class='ocrx_word' id='word_1_93' title='bbox 1322 1020 1405 1059; x_wconf 76' lang='lat' dir='ltr'>non</span> <span class='ocrx_word' id='word_1_94' title='bbox 1427 1005 1621 1044; x_wconf 89' lang='lat' dir='ltr'>absonum</span> 
     </span>
     <span class='ocr_line' id='line_1_12' title="bbox 127 1076 1620 1131; baseline -0.001 -15"><span class='ocrx_word' id='word_1_95' title='bbox 127 1077 289 1117; x_wconf 87' lang='lat' dir='ltr'>videtur</span> <span class='ocrx_word' id='word_1_96' title='bbox 316 1078 393 1117; x_wconf 90' lang='lat' dir='ltr'>hoc</span> <span class='ocrx_word' id='word_1_97' title='bbox 423 1078 694 1130; x_wconf 81' lang='lat' dir='ltr'>fragmentum</span> <span class='ocrx_word' id='word_1_98' title='bbox 721 1092 810 1118; x_wconf 90' lang='lat' dir='ltr'>cum</span> <span class='ocrx_word' id='word_1_99' title='bbox 844 1079 915 1118; x_wconf 93' lang='lat' dir='ltr'>illo</span> <span class='ocrx_word' id='word_1_100' title='bbox 945 1079 1082 1131; x_wconf 88' lang='lat' dir='ltr'>aliquo</span> <span class='ocrx_word' id='word_1_101' title='bbox 1112 1078 1229 1117; x_wconf 88' lang='lat' dir='ltr'>modo</span> <span class='ocrx_word' id='word_1_102' title='bbox 1262 1084 1492 1117; x_wconf 81' lang='lat' dir='ltr'>conectere.</span> <span class='ocrx_word' id='word_1_103' title='bbox 1539 1076 1620 1115; x_wconf 88' lang='lat' dir='ltr'>Illa</span> 
     </span>
     <span class='ocr_line' id='line_1_13' title="bbox 127 1146 1621 1199; baseline -0.001 -11"><span class='ocrx_word' id='word_1_104' title='bbox 127 1149 256 1188; x_wconf 88' lang='lat' dir='ltr'>verba</span> <span class='ocrx_word' id='word_1_105' title='bbox 282 1163 372 1188; x_wconf 86' lang='lat' dir='ltr'>cum</span> <span class='ocrx_word' id='word_1_106' title='bbox 400 1149 687 1189; x_wconf 86' lang='lat' dir='ltr'>Lachmannus</span> <span class='ocrx_word' id='word_1_107' title='bbox 718 1151 760 1188; x_wconf 91' lang='lat' dir='ltr'>in</span> <span class='ocrx_word' id='word_1_108' title='bbox 787 1146 877 1188; x_wconf 68' lang='lat' dir='ltr'>ind?</span> <span class='ocrx_word' id='word_1_109' title='bbox 902 1150 997 1189; x_wconf 91' lang='lat' dir='ltr'>lect.</span> <span class='ocrx_word' id='word_1_110' title='bbox 1028 1149 1112 1188; x_wconf 86' lang='lat' dir='ltr'>hib.</span> <span class='ocrx_word' id='word_1_111' title='bbox 1144 1150 1283 1188; x_wconf 90' lang='lat' dir='ltr'>Berol.</span> <span class='ocrx_word' id='word_1_112' title='bbox 1316 1155 1510 1190; x_wconf 73' lang='lat'>1849—50</span> <span class='ocrx_word' id='word_1_113' title='bbox 1535 1161 1573 1199; x_wconf 88' lang='lat' dir='ltr'>p.</span> <span class='ocrx_word' id='word_1_114' title='bbox 1598 1154 1621 1187; x_wconf 79' lang='lat'><strong>4</strong></span> 
     </span>
     <span class='ocr_line' id='line_1_14' title="bbox 126 1219 1219 1274; baseline 0.001 -16"><span class='ocrx_word' id='word_1_115' title='bbox 126 1220 169 1258; x_wconf 91' lang='lat' dir='ltr'>in</span> <span class='ocrx_word' id='word_1_116' title='bbox 199 1219 369 1260; x_wconf 88' lang='lat' dir='ltr'>Sotadei</span> <span class='ocrx_word' id='word_1_117' title='bbox 399 1219 568 1274; x_wconf 83' lang='lat' dir='ltr'>formam</span> <span class='ocrx_word' id='word_1_118' title='bbox 599 1221 708 1260; x_wconf 90' lang='lat' dir='ltr'>coire</span> <span class='ocrx_word' id='word_1_119' title='bbox 739 1220 943 1259; x_wconf 83' lang='lat' dir='ltr'>docuisset</span> <span class='ocrx_word' id='word_1_120' title='bbox 972 1220 1219 1265; x_wconf 53' lang='lat' dir='ltr'>hommodo:</span> 
     </span>
    </p>
   </div>
   <div class='ocr_carea' id='block_1_3' title="bbox 329 1323 1373 1372">
    <p class='ocr_par' dir='ltr' id='par_1_4' title="bbox 329 1323 1373 1372">
     <span class='ocr_line' id='line_1_15' title="bbox 329 1323 1373 1372; baseline 0.001 -13"><span class='ocrx_word' id='word_1_121' title='bbox 329 1323 498 1370; x_wconf 79' lang='lat' dir='ltr'>Pro’pter</span> <span class='ocrx_word' id='word_1_122' title='bbox 522 1323 730 1372; x_wconf 80' lang='lat' dir='ltr'>percrepis</span> <span class='ocrx_word' id='word_1_123' title='bbox 758 1324 906 1361; x_wconf 81' lang='lat' dir='ltr'>vocibu’</span> <span class='ocrx_word' id='word_1_124' title='bbox 941 1323 1070 1367; x_wconf 65' lang='lat' dir='ltr'>volitat</span> <span class='ocrx_word' id='word_1_125' title='bbox 1100 1325 1231 1361; x_wconf 81' lang='lat' dir='ltr'>aureis</span> <span class='ocrx_word' id='word_1_126' title='bbox 1261 1325 1373 1372; x_wconf 66' lang='grc' dir='ltr'><em>υύῖρί,</em></span> 
     </span>
    </p>
   </div>
   <div class='ocr_carea' id='block_1_4' title="bbox 128 1410 1619 1605">
    <p class='ocr_par' dir='ltr' id='par_1_5' title="bbox 128 1410 1619 1605">
     <span class='ocr_line' id='line_1_16' title="bbox 131 1410 1618 1476; baseline -0.001 -14"><span class='ocrx_word' id='word_1_127' title='bbox 131 1410 379 1463; x_wconf 79' lang='lat' dir='ltr'>contradixit</span> <span class='ocrx_word' id='word_1_128' title='bbox 411 1424 626 1476; x_wconf 87' lang='lat' dir='ltr'>Roeperus</span> <span class='ocrx_word' id='word_1_129' title='bbox 664 1424 872 1475; x_wconf 89' lang='lat' dir='ltr'>Philologi</span> <span class='ocrx_word' id='word_1_130' title='bbox 909 1424 974 1463; x_wconf 93' lang='lat' dir='ltr'>IX</span> <span class='ocrx_word' id='word_1_131' title='bbox 1011 1438 1052 1476; x_wconf 86' lang='lat' dir='ltr'>p.</span> <span class='ocrx_word' id='word_1_132' title='bbox 1090 1431 1177 1474; x_wconf 80' lang='lat'>569,</span> <span class='ocrx_word' id='word_1_133' title='bbox 1219 1424 1292 1464; x_wconf 88' lang='lat' dir='ltr'>sed</span> <span class='ocrx_word' id='word_1_134' title='bbox 1326 1425 1384 1463; x_wconf 82' lang='lat' dir='ltr'>ita</span> <span class='ocrx_word' id='word_1_135' title='bbox 1422 1430 1466 1462; x_wconf 87' lang='lat' dir='ltr'>ut</span> <span class='ocrx_word' id='word_1_136' title='bbox 1506 1437 1618 1462; x_wconf 86' lang='lat' dir='ltr'>suam</span> 
     </span>
     <span class='ocr_line' id='line_1_17' title="bbox 128 1494 1619 1548; baseline 0 -16"><span class='ocrx_word' id='word_1_137' title='bbox 128 1494 226 1532; x_wconf 92' lang='lat' dir='ltr'>mihi</span> <span class='ocrx_word' id='word_1_138' title='bbox 264 1495 506 1534; x_wconf 87' lang='lat' dir='ltr'>sententiam</span> <span class='ocrx_word' id='word_1_139' title='bbox 543 1509 621 1534; x_wconf 90' lang='lat' dir='ltr'>non</span> <span class='ocrx_word' id='word_1_140' title='bbox 657 1496 867 1548; x_wconf 87' lang='lat' dir='ltr'>probaret,</span> <span class='ocrx_word' id='word_1_141' title='bbox 905 1509 987 1534; x_wconf 90' lang='lat' dir='ltr'>non</span> <span class='ocrx_word' id='word_1_142' title='bbox 1025 1495 1132 1548; x_wconf 89' lang='lat' dir='ltr'>quod</span> <span class='ocrx_word' id='word_1_143' title='bbox 1171 1510 1251 1535; x_wconf 88' lang='lat' dir='ltr'>non</span> <span class='ocrx_word' id='word_1_144' title='bbox 1282 1496 1430 1534; x_wconf 90' lang='lat' dir='ltr'>bonum</span> <span class='ocrx_word' id='word_1_145' title='bbox 1459 1509 1619 1534; x_wconf 80' lang='lat' dir='ltr'>versum</span> 
     </span>
     <span class='ocr_line' id='line_1_18' title="bbox 130 1564 519 1605; baseline 0.005 -2"><span class='ocrx_word' id='word_1_146' title='bbox 130 1578 220 1603; x_wconf 88' lang='lat' dir='ltr'>esse</span> <span class='ocrx_word' id='word_1_147' title='bbox 249 1564 519 1605; x_wconf 86' lang='lat' dir='ltr'>concederem</span> 
     </span>
    </p>
   </div>
   <div class='ocr_carea' id='block_1_5' title="bbox 331 1657 1488 1706">
    <p class='ocr_par' dir='ltr' id='par_1_6' title="bbox 331 1657 1488 1706">
     <span class='ocr_line' id='line_1_19' title="bbox 331 1657 1488 1706; baseline 0.001 -12"><span class='ocrx_word' id='word_1_148' title='bbox 331 1657 500 1705; x_wconf 70' lang='lat' dir='ltr'>Propter</span> <span class='ocrx_word' id='word_1_149' title='bbox 530 1660 690 1696; x_wconf 81' lang='lat' dir='ltr'>volitans</span> <span class='ocrx_word' id='word_1_150' title='bbox 719 1660 850 1695; x_wconf 54' lang='lat' dir='ltr'>aureis</span> <span class='ocrx_word' id='word_1_151' title='bbox 875 1660 977 1706; x_wconf 65' lang='lat' dir='ltr'>vulqi</span> <span class='ocrx_word' id='word_1_152' title='bbox 999 1657 1213 1706; x_wconf 81' lang='lat' dir='ltr'>pe&#39;rcrepat</span> <span class='ocrx_word' id='word_1_153' title='bbox 1239 1659 1299 1695; x_wconf 77' lang='lat' dir='ltr'>his</span> <span class='ocrx_word' id='word_1_154' title='bbox 1325 1659 1488 1703; x_wconf 72' lang='lat' dir='ltr'>vocibus,</span> 
     </span>
    </p>
   </div>
   <div class='ocr_carea' id='block_1_6' title="bbox 93 1745 1622 2083">
    <p class='ocr_par' dir='ltr' id='par_1_7' title="bbox 93 1745 1622 2083">
     <span class='ocr_line' id='line_1_20' title="bbox 129 1745 1620 1799; baseline 0.001 -14"><span class='ocrx_word' id='word_1_155' title='bbox 129 1745 204 1785; x_wconf 88' lang='lat' dir='ltr'>sed</span> <span class='ocrx_word' id='word_1_156' title='bbox 250 1746 346 1799; x_wconf 86' lang='lat' dir='ltr'>quia</span> <span class='ocrx_word' id='word_1_157' title='bbox 390 1746 484 1786; x_wconf 88' lang='lat' dir='ltr'>nolo</span> <span class='ocrx_word' id='word_1_158' title='bbox 524 1747 576 1786; x_wconf 89' lang='lat' dir='ltr'>ad</span> <span class='ocrx_word' id='word_1_159' title='bbox 615 1748 813 1787; x_wconf 87' lang='lat' dir='ltr'>acriorem</span> <span class='ocrx_word' id='word_1_160' title='bbox 851 1747 1098 1787; x_wconf 84' lang='lat' dir='ltr'>medicinam</span> <span class='ocrx_word' id='word_1_161' title='bbox 1133 1748 1319 1799; x_wconf 87' lang='lat' dir='ltr'>confugi,</span> <span class='ocrx_word' id='word_1_162' title='bbox 1365 1761 1454 1786; x_wconf 89' lang='lat' dir='ltr'>cum</span> <span class='ocrx_word' id='word_1_163' title='bbox 1491 1748 1620 1786; x_wconf 87' lang='lat' dir='ltr'>lenior</span> 
     </span>
     <span class='ocr_line' id='line_1_21' title="bbox 131 1815 1622 1872; baseline 0.002 -18"><span class='ocrx_word' id='word_1_164' title='bbox 131 1815 357 1870; x_wconf 88' lang='lat' dir='ltr'>eademque</span> <span class='ocrx_word' id='word_1_165' title='bbox 395 1819 495 1856; x_wconf 82' lang='lat' dir='ltr'>satis</span> <span class='ocrx_word' id='word_1_166' title='bbox 541 1818 690 1857; x_wconf 87' lang='lat' dir='ltr'>efficax</span> <span class='ocrx_word' id='word_1_167' title='bbox 727 1819 768 1857; x_wconf 90' lang='lat' dir='ltr'>in</span> <span class='ocrx_word' id='word_1_168' title='bbox 810 1826 996 1872; x_wconf 89' lang='lat' dir='ltr'>promptu</span> <span class='ocrx_word' id='word_1_169' title='bbox 1035 1819 1096 1857; x_wconf 86' lang='lat' dir='ltr'>sit.</span> <span class='ocrx_word' id='word_1_170' title='bbox 1156 1818 1279 1858; x_wconf 83' lang='lat' dir='ltr'>Certe</span> <span class='ocrx_word' id='word_1_171' title='bbox 1313 1818 1386 1857; x_wconf 92' lang='lat' dir='ltr'>ubi</span> <span class='ocrx_word' id='word_1_172' title='bbox 1415 1819 1542 1857; x_wconf 83' lang='lat' dir='ltr'>semel</span> <span class='ocrx_word' id='word_1_173' title='bbox 1572 1832 1622 1857; x_wconf 88' lang='lat' dir='ltr'>ea</span> 
     </span>
     <span class='ocr_line' id='line_1_22' title="bbox 93 1888 1619 1941; baseline -0.001 -14"><span class='ocrx_word' id='word_1_174' title='bbox 93 1910 95 1912; x_wconf 89' lang='lat'>·</span> <span class='ocrx_word' id='word_1_175' title='bbox 130 1888 296 1927; x_wconf 85' lang='lat' dir='ltr'>licentia</span> <span class='ocrx_word' id='word_1_176' title='bbox 333 1888 459 1928; x_wconf 87' lang='lat' dir='ltr'>Nonii</span> <span class='ocrx_word' id='word_1_177' title='bbox 493 1890 725 1928; x_wconf 84' lang='lat' dir='ltr'>memoriam</span> <span class='ocrx_word' id='word_1_178' title='bbox 761 1895 1001 1939; x_wconf 83' lang='lat' dir='ltr'>tractamus,</span> <span class='ocrx_word' id='word_1_179' title='bbox 1042 1903 1114 1928; x_wconf 91' lang='lat' dir='ltr'>cur</span> <span class='ocrx_word' id='word_1_180' title='bbox 1144 1889 1458 1941; x_wconf 87' lang='lat' dir='ltr'>probabiliorem</span> <span class='ocrx_word' id='word_1_181' title='bbox 1488 1888 1619 1927; x_wconf 88' lang='lat' dir='ltr'>dicam</span> 
     </span>
     <span class='ocr_line' id='line_1_23' title="bbox 127 1960 1619 2014; baseline 0 -16"><span class='ocrx_word' id='word_1_182' title='bbox 127 1960 308 2012; x_wconf 90' lang='lat' dir='ltr'>Roeperi</span> <span class='ocrx_word' id='word_1_183' title='bbox 345 1960 620 2012; x_wconf 85' lang='lat' dir='ltr'>septenarium</span> <span class='ocrx_word' id='word_1_184' title='bbox 659 1960 737 1999; x_wconf 91' lang='lat' dir='ltr'>hoc</span> <span class='ocrx_word' id='word_1_185' title='bbox 777 1961 1013 2008; x_wconf 84' lang='lat' dir='ltr'>Kochiano,</span> <span class='ocrx_word' id='word_1_186' title='bbox 1056 1974 1176 2014; x_wconf 85' lang='lat' dir='ltr'>quem</span> <span class='ocrx_word' id='word_1_187' title='bbox 1210 1961 1281 1999; x_wconf 90' lang='lat' dir='ltr'>ille</span> <span class='ocrx_word' id='word_1_188' title='bbox 1316 1961 1539 2011; x_wconf 84' lang='lat' dir='ltr'>ignoravit,</span> <span class='ocrx_word' id='word_1_189' title='bbox 1579 1961 1619 1998; x_wconf 88' lang='lat' dir='ltr'>in</span> 
     </span>
     <span class='ocr_line' id='line_1_24' title="bbox 129 2021 1313 2083; baseline 0 -14"><span class='ocrx_word' id='word_1_190' title='bbox 129 2031 489 2071; x_wconf 80' lang='lat' dir='ltr'>exercitationibus</span> <span class='ocrx_word' id='word_1_191' title='bbox 520 2045 557 2083; x_wconf 91' lang='lat' dir='ltr'>p.</span> <span class='ocrx_word' id='word_1_192' title='bbox 587 2038 648 2073; x_wconf 88' lang='lat'>19:</span> <span class='ocrx_word' id='word_1_193' title='bbox 1308 2021 1313 2024; x_wconf 51' lang='grc'>’</span> 
     </span>
    </p>
   </div>
   <div class='ocr_carea' id='block_1_7' title="bbox 330 2116 1498 2171">
    <p class='ocr_par' dir='ltr' id='par_1_8' title="bbox 330 2116 1498 2171">
     <span class='ocr_line' id='line_1_25' title="bbox 330 2116 1498 2171; baseline 0 -11"><span class='ocrx_word' id='word_1_194' title='bbox 330 2123 499 2171; x_wconf 80' lang='lat' dir='ltr'>Pro&#39;pter</span> <span class='ocrx_word' id='word_1_195' title='bbox 530 2125 691 2160; x_wconf 80' lang='lat' dir='ltr'>volitans</span> <span class='ocrx_word' id='word_1_196' title='bbox 723 2123 875 2160; x_wconf 77' lang='lat' dir='ltr'>vo&#39;cibus</span> <span class='ocrx_word' id='word_1_197' title='bbox 903 2116 1006 2171; x_wconf 78' lang='lat' dir='ltr'>vulyi</span> <span class='ocrx_word' id='word_1_198' title='bbox 1035 2123 1152 2160; x_wconf 61' lang='lat' dir='ltr'>adres</span> <span class='ocrx_word' id='word_1_199' title='bbox 1171 2122 1379 2170; x_wconf 76' lang='lat' dir='ltr'>percrepz&#39;s</span> <span class='ocrx_word' id='word_1_200' title='bbox 1408 2152 1416 2160; x_wconf 94' lang='lat'>.</span> <span class='ocrx_word' id='word_1_201' title='bbox 1451 2122 1498 2160; x_wconf 66' lang='grc' dir='ltr'>,Ρ</span> 
     </span>
    </p>
   </div>
   <div class='ocr_carea' id='block_1_8' title="bbox 129 2210 1621 2970">
    <p class='ocr_par' dir='ltr' id='par_1_9' title="bbox 129 2210 1621 2970">
     <span class='ocr_line' id='line_1_26' title="bbox 131 2210 1620 2263; baseline 0.001 -13"><span class='ocrx_word' id='word_1_202' title='bbox 131 2211 270 2262; x_wconf 85' lang='lat' dir='ltr'>Quare</span> <span class='ocrx_word' id='word_1_203' title='bbox 299 2212 494 2250; x_wconf 83' lang='lat' dir='ltr'>curiosius</span> <span class='ocrx_word' id='word_1_204' title='bbox 526 2212 665 2263; x_wconf 91' lang='lat' dir='ltr'>paullo</span> <span class='ocrx_word' id='word_1_205' title='bbox 698 2210 1049 2262; x_wconf 82' lang='lat' dir='ltr'>considerandum,</span> <span class='ocrx_word' id='word_1_206' title='bbox 1079 2225 1131 2250; x_wconf 88' lang='lat' dir='ltr'>an</span> <span class='ocrx_word' id='word_1_207' title='bbox 1161 2225 1241 2251; x_wconf 88' lang='lat' dir='ltr'>non</span> <span class='ocrx_word' id='word_1_208' title='bbox 1272 2213 1394 2251; x_wconf 75' lang='lat' dir='ltr'>etiam</span> <span class='ocrx_word' id='word_1_209' title='bbox 1424 2214 1620 2252; x_wconf 83' lang='lat' dir='ltr'>severiori</span> 
     </span>
     <span class='ocr_line' id='line_1_27' title="bbox 131 2275 1620 2336; baseline 0.002 -16"><span class='ocrx_word' id='word_1_210' title='bbox 131 2281 282 2320; x_wconf 88' lang='lat' dir='ltr'>iudicio</span> <span class='ocrx_word' id='word_1_211' title='bbox 322 2281 500 2321; x_wconf 87' lang='lat' dir='ltr'>sufficiat</span> <span class='ocrx_word' id='word_1_212' title='bbox 536 2281 788 2320; x_wconf 86' lang='lat' dir='ltr'>Lachmanni</span> <span class='ocrx_word' id='word_1_213' title='bbox 818 2275 1043 2331; x_wconf 84' lang='lat' dir='ltr'>inventum,</span> <span class='ocrx_word' id='word_1_214' title='bbox 1083 2284 1154 2336; x_wconf 89' lang='lat' dir='ltr'>qui</span> <span class='ocrx_word' id='word_1_215' title='bbox 1183 2286 1312 2321; x_wconf 84' lang='lat' dir='ltr'>volitat</span> <span class='ocrx_word' id='word_1_216' title='bbox 1341 2284 1518 2335; x_wconf 88' lang='lat' dir='ltr'>reposito</span> <span class='ocrx_word' id='word_1_217' title='bbox 1545 2298 1620 2336; x_wconf 88' lang='lat' dir='ltr'>pro</span> 
     </span>
     <span class='ocr_line' id='line_1_28' title="bbox 131 2352 1620 2408; baseline 0.003 -18"><span class='ocrx_word' id='word_1_218' title='bbox 131 2355 292 2391; x_wconf 81' lang='lat' dir='ltr'>volitans</span> <span class='ocrx_word' id='word_1_219' title='bbox 322 2365 436 2391; x_wconf 90' lang='lat' dir='ltr'>suum</span> <span class='ocrx_word' id='word_1_220' title='bbox 464 2352 671 2391; x_wconf 84' lang='lat' dir='ltr'>constituit</span> <span class='ocrx_word' id='word_1_221' title='bbox 698 2352 957 2392; x_wconf 85' lang='lat' dir='ltr'>versiculum.</span> <span class='ocrx_word' id='word_1_222' title='bbox 1000 2353 1130 2406; x_wconf 85' lang='lat' dir='ltr'>Atqui</span> <span class='ocrx_word' id='word_1_223' title='bbox 1143 2364 1361 2402; x_wconf 79' lang='lat' dir='ltr'>percrepae</span> <span class='ocrx_word' id='word_1_224' title='bbox 1386 2368 1494 2394; x_wconf 82' lang='lat' dir='ltr'>voce-s</span> <span class='ocrx_word' id='word_1_225' title='bbox 1517 2369 1620 2408; x_wconf 85' lang='lat' dir='ltr'>quas</span> 
     </span>
     <span class='ocr_line' id='line_1_29' title="bbox 131 2423 1620 2476; baseline 0.003 -15"><span class='ocrx_word' id='word_1_226' title='bbox 131 2423 268 2462; x_wconf 84' lang='lat' dir='ltr'>intulit</span> <span class='ocrx_word' id='word_1_227' title='bbox 295 2428 389 2467; x_wconf 84' lang='lat' dir='ltr'>sunt</span> <span class='ocrx_word' id='word_1_228' title='bbox 416 2423 514 2462; x_wconf 83' lang='lat' dir='ltr'>illae</span> <span class='ocrx_word' id='word_1_229' title='bbox 544 2423 721 2476; x_wconf 90' lang='lat' dir='ltr'>quidem,</span> <span class='ocrx_word' id='word_1_230' title='bbox 751 2429 795 2462; x_wconf 90' lang='lat' dir='ltr'>ut</span> <span class='ocrx_word' id='word_1_231' title='bbox 824 2430 934 2476; x_wconf 89' lang='lat' dir='ltr'>puto,</span> <span class='ocrx_word' id='word_1_232' title='bbox 964 2437 1071 2463; x_wconf 88' lang='lat' dir='ltr'>nove</span> <span class='ocrx_word' id='word_1_233' title='bbox 1103 2423 1251 2474; x_wconf 89' lang='lat' dir='ltr'>dictae,</span> <span class='ocrx_word' id='word_1_234' title='bbox 1281 2424 1354 2463; x_wconf 86' lang='lat' dir='ltr'>sed</span> <span class='ocrx_word' id='word_1_235' title='bbox 1385 2426 1441 2464; x_wconf 84' lang='lat' dir='ltr'>ita</span> <span class='ocrx_word' id='word_1_236' title='bbox 1470 2432 1514 2464; x_wconf 89' lang='lat' dir='ltr'>ut</span> <span class='ocrx_word' id='word_1_237' title='bbox 1542 2441 1620 2466; x_wconf 85' lang='lat' dir='ltr'>nec</span> 
     </span>
     <span class='ocr_line' id='line_1_30' title="bbox 133 2492 1620 2549; baseline 0.003 -17"><span class='ocrx_word' id='word_1_238' title='bbox 133 2492 367 2533; x_wconf 85' lang='lat' dir='ltr'>desiderent</span> <span class='ocrx_word' id='word_1_239' title='bbox 404 2494 634 2547; x_wconf 81' lang='lat' dir='ltr'>analogiam</span> <span class='ocrx_word' id='word_1_240' title='bbox 672 2507 750 2534; x_wconf 90' lang='lat' dir='ltr'>nec</span> <span class='ocrx_word' id='word_1_241' title='bbox 788 2494 1032 2534; x_wconf 82' lang='lat' dir='ltr'>abhorreant</span> <span class='ocrx_word' id='word_1_242' title='bbox 1065 2493 1116 2533; x_wconf 85' lang='lat' dir='ltr'>ab</span> <span class='ocrx_word' id='word_1_243' title='bbox 1145 2494 1312 2546; x_wconf 87' lang='lat' dir='ltr'>linguae</span> <span class='ocrx_word' id='word_1_244' title='bbox 1343 2502 1382 2534; x_wconf 86' lang='lat' dir='ltr'>et</span> <span class='ocrx_word' id='word_1_245' title='bbox 1414 2497 1620 2549; x_wconf 83' lang='lat' dir='ltr'>scriptoris</span> 
     </span>
     <span class='ocr_line' id='line_1_31' title="bbox 131 2562 1619 2618; baseline 0.003 -16"><span class='ocrx_word' id='word_1_246' title='bbox 131 2564 308 2615; x_wconf 88' lang='lat' dir='ltr'>ingenio.</span> <span class='ocrx_word' id='word_1_247' title='bbox 366 2562 472 2603; x_wconf 89' lang='lat' dir='ltr'>Dico</span> <span class='ocrx_word' id='word_1_248' title='bbox 507 2577 700 2614; x_wconf 75' lang='lat' dir='ltr'>personas</span> <span class='ocrx_word' id='word_1_249' title='bbox 734 2564 982 2605; x_wconf 85' lang='lat' dir='ltr'>adiectivum</span> <span class='ocrx_word' id='word_1_250' title='bbox 1021 2572 1061 2605; x_wconf 84' lang='lat' dir='ltr'>et</span> <span class='ocrx_word' id='word_1_251' title='bbox 1092 2566 1258 2618; x_wconf 82' lang='lat' dir='ltr'>passiva</span> <span class='ocrx_word' id='word_1_252' title='bbox 1295 2572 1335 2604; x_wconf 80' lang='lat' dir='ltr'>et</span> <span class='ocrx_word' id='word_1_253' title='bbox 1373 2580 1467 2605; x_wconf 86' lang='lat' dir='ltr'>vero</span> <span class='ocrx_word' id='word_1_254' title='bbox 1499 2568 1619 2606; x_wconf 87' lang='lat' dir='ltr'>etiam</span> 
     </span>
     <span class='ocr_line' id='line_1_32' title="bbox 131 2634 1618 2689; baseline 0.003 -17"><span class='ocrx_word' id='word_1_255' title='bbox 131 2634 267 2673; x_wconf 85' lang='lat' dir='ltr'>activa</span> <span class='ocrx_word' id='word_1_256' title='bbox 297 2634 339 2672; x_wconf 90' lang='lat' dir='ltr'>vi</span> <span class='ocrx_word' id='word_1_257' title='bbox 367 2641 615 2689; x_wconf 86' lang='lat' dir='ltr'>usurpatum.</span> <span class='ocrx_word' id='word_1_258' title='bbox 658 2635 750 2674; x_wconf 87' lang='lat' dir='ltr'>Hac</span> <span class='ocrx_word' id='word_1_259' title='bbox 771 2649 867 2675; x_wconf 89' lang='lat' dir='ltr'>vero</span> <span class='ocrx_word' id='word_1_260' title='bbox 890 2636 1019 2676; x_wconf 86' lang='lat' dir='ltr'>forma</span> <span class='ocrx_word' id='word_1_261' title='bbox 1039 2641 1242 2686; x_wconf 77' lang='lat' dir='ltr'>per-crepis</span> <span class='ocrx_word' id='word_1_262' title='bbox 1266 2640 1418 2676; x_wconf 79' lang='lat' dir='ltr'>vocibus</span> <span class='ocrx_word' id='word_1_263' title='bbox 1441 2638 1618 2677; x_wconf 89' lang='lat' dir='ltr'>Nonium</span> 
     </span>
     <span class='ocr_line' id='line_1_33' title="bbox 130 2704 1621 2759; baseline 0.003 -17"><span class='ocrx_word' id='word_1_264' title='bbox 130 2704 188 2742; x_wconf 84' lang='lat' dir='ltr'>ita</span> <span class='ocrx_word' id='word_1_265' title='bbox 217 2704 433 2757; x_wconf 87' lang='lat' dir='ltr'>deceptum</span> <span class='ocrx_word' id='word_1_266' title='bbox 463 2718 574 2754; x_wconf 86' lang='lat' dir='ltr'>esse,</span> <span class='ocrx_word' id='word_1_267' title='bbox 610 2712 656 2744; x_wconf 87' lang='lat' dir='ltr'>ut</span> <span class='ocrx_word' id='word_1_268' title='bbox 685 2706 877 2746; x_wconf 86' lang='lat' dir='ltr'>Varronis</span> <span class='ocrx_word' id='word_1_269' title='bbox 902 2707 1036 2747; x_wconf 90' lang='lat' dir='ltr'>locum</span> <span class='ocrx_word' id='word_1_270' title='bbox 1068 2707 1267 2759; x_wconf 84' lang='lat' dir='ltr'>exemplis</span> <span class='ocrx_word' id='word_1_271' title='bbox 1298 2711 1504 2756; x_wconf 64' lang='lat' dir='ltr'>cremnon,</span> <span class='ocrx_word' id='word_1_272' title='bbox 1529 2722 1621 2757; x_wconf 81' lang='lat' dir='ltr'>per-</span> 
     </span>
     <span class='ocr_line' id='line_1_34' title="bbox 129 2778 1621 2826; baseline 0.004 -14"><span class='ocrx_word' id='word_1_273' title='bbox 129 2778 334 2823; x_wconf 59' lang='lat' dir='ltr'>cremandi,</span> <span class='ocrx_word' id='word_1_274' title='bbox 370 2778 649 2825; x_wconf 59' lang='lat' dir='ltr'>concremandi,</span> <span class='ocrx_word' id='word_1_275' title='bbox 686 2779 917 2826; x_wconf 81' lang='lat' dir='ltr'>increpandi</span> <span class='ocrx_word' id='word_1_276' title='bbox 952 2778 1218 2826; x_wconf 88' lang='lat' dir='ltr'>immisceret,</span> <span class='ocrx_word' id='word_1_277' title='bbox 1265 2791 1342 2816; x_wconf 89' lang='lat' dir='ltr'>non</span> <span class='ocrx_word' id='word_1_278' title='bbox 1383 2779 1520 2818; x_wconf 87' lang='lat' dir='ltr'>hercle</span> <span class='ocrx_word' id='word_1_279' title='bbox 1557 2785 1621 2818; x_wconf 88' lang='lat' dir='ltr'>est</span> 
     </span>
     <span class='ocr_line' id='line_1_35' title="bbox 130 2845 1620 2901; baseline 0.003 -18"><span class='ocrx_word' id='word_1_280' title='bbox 130 2845 337 2896; x_wconf 85' lang='lat' dir='ltr'>singulare</span> <span class='ocrx_word' id='word_1_281' title='bbox 367 2846 410 2884; x_wconf 90' lang='lat' dir='ltr'>in</span> <span class='ocrx_word' id='word_1_282' title='bbox 436 2845 513 2885; x_wconf 84' lang='lat' dir='ltr'>hoc</span> <span class='ocrx_word' id='word_1_283' title='bbox 538 2847 799 2898; x_wconf 87' lang='lat' dir='ltr'>grammatico</span> <span class='ocrx_word' id='word_1_284' title='bbox 826 2847 1037 2887; x_wconf 88' lang='lat' dir='ltr'>socordiae</span> <span class='ocrx_word' id='word_1_285' title='bbox 1068 2848 1293 2901; x_wconf 85' lang='lat' dir='ltr'>specimen:</span> <span class='ocrx_word' id='word_1_286' title='bbox 1334 2847 1386 2887; x_wconf 90' lang='lat' dir='ltr'>cf.</span> <span class='ocrx_word' id='word_1_287' title='bbox 1418 2848 1485 2886; x_wconf 88' lang='lat' dir='ltr'>vel</span> <span class='ocrx_word' id='word_1_288' title='bbox 1514 2861 1620 2901; x_wconf 87' lang='lat' dir='ltr'>quae</span> 
     </span>
     <span class='ocr_line' id='line_1_36' title="bbox 131 2914 1619 2970; baseline 0.002 -16"><span class='ocrx_word' id='word_1_289' title='bbox 131 2914 182 2955; x_wconf 87' lang='lat' dir='ltr'>de</span> <span class='ocrx_word' id='word_1_290' title='bbox 211 2918 338 2955; x_wconf 78' lang='lat' dir='ltr'>tibinis</span> <span class='ocrx_word' id='word_1_291' title='bbox 366 2919 485 2955; x_wconf 82' lang='lat' dir='ltr'>modis</span> <span class='ocrx_word' id='word_1_292' title='bbox 515 2915 602 2955; x_wconf 87' lang='lat' dir='ltr'>dixi</span> <span class='ocrx_word' id='word_1_293' title='bbox 631 2930 668 2968; x_wconf 89' lang='lat' dir='ltr'>p.</span> <span class='ocrx_word' id='word_1_294' title='bbox 697 2923 737 2958; x_wconf 81' lang='lat'>21</span> <span class='ocrx_word' id='word_1_295' title='bbox 769 2931 831 2970; x_wconf 87' lang='lat' dir='ltr'>sq.</span> <span class='ocrx_word' id='word_1_296' title='bbox 877 2918 1003 2957; x_wconf 86' lang='lat' dir='ltr'>Error</span> <span class='ocrx_word' id='word_1_297' title='bbox 1029 2925 1163 2958; x_wconf 88' lang='lat' dir='ltr'>autem</span> <span class='ocrx_word' id='word_1_298' title='bbox 1193 2925 1236 2958; x_wconf 88' lang='lat' dir='ltr'>ut</span> <span class='ocrx_word' id='word_1_299' title='bbox 1257 2919 1303 2958; x_wconf 92' lang='lat' dir='ltr'>fit</span> <span class='ocrx_word' id='word_1_300' title='bbox 1326 2932 1476 2959; x_wconf 88' lang='lat' dir='ltr'>novum</span> <span class='ocrx_word' id='word_1_301' title='bbox 1507 2932 1619 2958; x_wconf 86' lang='lat' dir='ltr'>crea-</span> 
     </span>
    </p>
   </div>
  </div>
 </body>
</html>
