1898 3236
726 298 1071 331 commensus.
1592 289 1647 329 47

162 407 413 459 Transposui
446 408 673 445 rabularum
708 417 884 455 qreyem:
930 404 1006 444 sed
1040 401 1296 443 incommod'a
1328 409 1422 443 sunt
1449 415 1646 442 musarum

160 478 407 532 spondaieae
437 476 552 517 vocis
585 482 792 516 accentus.

274 550 310 589 L
313 549 486 589 andater
514 532 623 601 quod
646 557 788 599 parum
817 518 984 599 plausus
1012 545 1151 593 tuloeit
1167 545 1495 598 indignabundus
1518 545 1647 587 Grae—

162 634 231 660 cos
257 618 525 667 contestatur,
554 631 675 671 quam
699 617 743 656 hi
771 618 892 669 longe
920 631 964 657 se
993 617 1153 657 aliter
1137 631 1179 656 ιιι
1203 617 1279 657 tali
1303 631 1348 658 re
1373 619 1588 670 gesserint.

273 691 335 732 VI
365 689 423 742 (8)
453 691 538 729 Hoc
569 691 730 729 Graecis
758 691 990 735 renuntiato,
1018 695 1061 727 ut
1082 689 1202 738 facile
1223 691 1474 739 intelleqeres,
1506 702 1576 729 nos
1601 691 1648 728 ab

159 747 219 801 his
249 765 392 809 amari,
420 767 789 802 conmurmurantur
815 751 942 799 αὐτοί.

161 835 267 872 auton·
291 832 384 872 libri
408 847 450 885 p.
468 838 551 882 478,
575 839 611 881 8,
642 831 752 886 quod
782 830 959 870 debebat
985 844 1077 870 esse
1099 821 1225 870 αὗτοί.
1270 830 1472 871 Oehlerus
1489 844 1580 874 oum
1600 844 1651 871 ea.

160 904 219 942 sic
239 902 410 943 scribat:
443 906 556 951 „Hoc
579 906 739 953 Graecis
766 905 1012 950 renuntiatio,
1040 908 1082 940 ut
1100 903 1220 952 facile
1237 905 1489 951 intelleyares‚
1516 915 1590 940 nos-
1602 905 1650 940 ab

158 978 219 1014 his
253 980 405 1029 απαξ-θ*
440 981 811 1014 conmurmurantur
847 967 980 1021 αὗταί,
1026 974 1165 1012 neseio
1200 982 1277 1013 nec
1313 971 1510 1012 indicavit
1546 972 1648 1024 ipse,

160 1047 359 1100 quomodo
387 1060 432 1086 se
461 1047 590 1086 vellet
613 1045 810 1097 intellegi.

273 1119 332 1158 At
370 1125 432 1158 est
465 1119 572 1157 inter
609 1118 834 1165 auditores,
876 1113 946 1171 qui
981 1131 1060 1171 quo
1096 1116 1225 1156 leniat
1254 1115 1476 1154 laudatoris
1507 1128 1648 1166 aegro-

153 1204 258 1239 ·rem,
285 1196 331 1229 ut
353 1189 486 1229 ubivis
514 1187 727 1227 multitudo
754 1188 984 1227 invidorum
1004 1193 1202 1235 occurrat,
1230 1188 1288 1226 ita
1310 1187 1431 1225 istam
1449 1186 1650 1226 obtrecta-
1707 1184 1710 1188 ’

161 1263 312 1301 tionem
343 1267 503 1318 monet..
518 1274 569 1300 ex
599 1259 755 1299 invidia
782 1261 919 1309 nasci,
952 1259 1113 1314 quando
1143 1258 1438 1314 obtrectatores
1467 1259 1545 1311 ipsi
1575 1258 1652 1297 sibi

161 1335 202 1372 in
211 1312 348 1372 ¹aures
377 1337 586 1372 susurrent
600 1361 609 1379 ,
635 1330 762 1370 licere
788 1330 863 1369 illa
888 1322 1125 1383 'vituperare
1150 1329 1312 1371 facilius
1341 1342 1462 1382 quam
1489 1331 1652 1375 imitari,

134 1396 136 1399 ’
161 1406 253 1444 Hoc
282 1406 371 1445 fere
396 1416 504 1443 nexu
529 1403 711 1455 suspicor
739 1401 844 1440 haec
871 1400 949 1439 duo
977 1400 1329 1452 fragmenta'olim
1359 1401 1469 1440 lecta
1496 1414 1608 1440 esse:

273 1476 357 1517 VII
387 1475 449 1526 (3)
481 1476 592 1514 Omni
617 1479 772 1522 opstant
801 1477 842 1511 in
871 1476 1081 1523 ministerio
1109 1475 1278 1510 invidum
1306 1475 1422 1511 tabes.

274 1547 382 1588 VIII
403 1544 459 1597 (2)
489 1547 618 1593 Quare
638 1547 1029 1594 residesslinyulacae,
1060 1545 1333 1582 obtrectatores
1353 1547 1420 1591 tui,
1449 1536 1527 1582 iam
1550 1557 1654 1582 nunc

163 1623 449 1656 murmurantes
477 1619 630 1655 dicunt:
660 1609 890 1665 μωμήσεταί
914 1628 973 1661 τις
989 1613 1148 1668 -μ-ἇλλον
1179 1606 1447 1666 ἢμιμήσεται.

165 1691 327 1738 Opstant
355 1689 522 1742 scripsi:
555 1687 718 1726 codices
741 1699 784 1739 p.
812 1691 896 1733 495,
921 1691 966 1727 29
996 1699 1018 1725 o
1046 1688 1100 1723 mi
1122 1684 1272 1736 optanti
1297 1688 1519 1731 ministerio,
1546 1683 1663 1737 quod‘

162 1758 319 1809 Popma
359 1760 555 1799 correxit:
594 1761 788 1797 inviduam
822 1755 935 1805 libri,
972 1756 1081 1810 quod
1109 1760 1276 1796 invidum
1309 1770 1400 1796 esse
1431 1755 1582 1795 debere
1613 1761 1654 1794 et

162 1829 364 1869 sententia
395 1837 436 1869 et
466 1819 686 1884 explicatio
714 1829 840 1868 Nonii
871 1828 1042 1868 evincit:
1075 1822 1318 1868 accusativus
1343 1830 1496 1868 numeri
1525 1829 1653 1876 sinqu-

161 1903 260 1940 laris
294 1904 443 1950 positus
464 1914 543 1951 pro
565 1905 738 1952 genetivo
760 1903 919 1950 plurali.
980 1899 1076 1950 Fuit
1105 1907 1241 1940 autem
1272 1900 1543 1952 fragmentum
1573 1913 1655 1938 me-

161 1973 328 2021 trinum,
359 1972 471 2026 quod
497 1972 556 2011 sic
583 1971 801 2010 distribuo:

398 2046 532 2083 .omm'
555 2048 710 2094 opstant
737 2043 779 2083 in
808 2046 1018 2084 ministerio
1048 2033 1219 2083 invidum

368 2116 503 2155 Tabe's.

164 2187 258 2227 Non
283 2193 380 2240 puto
411 2188 518 2227 enim
545 2182 799 2235 seazontem,
833 2187 903 2241 qui
931 2187 1120 2226 videatur
1147 2186 1466 2235 alicui,·fuisse:
1499 2184 1550 2223 de
1575 2197 1654 2237 quo

163 2271 314 2309 genere
344 2257 478 2299 dicam
507 2258 615 2297 infra
645 2256 743 2310 quid
772 2258 904 2298 Varro
933 2256 1130 2310 probarit.
1422 2260 1427 2263 ”

269 2331 338 2369 Fr.
364 2329 470 2379 VIII
494 2335 620 2376 reete,
651 2334 763 2380 puto,
794 2328 1003 2366 Mereems
1032 2330 1179 2366 resides
1196 2326 1358 2379 scripsit
1373 2323 1447 2380 pro
1463 2325 1656 2380 librorum

167 2401 224 2453 (p.
254 2386 318 2447 26,
356 2399 415 2452 17)
456 2401 599 2437 residit.
666 2400 732 2438 De
771 2397 991 2450 proverbio
1027 2412 1176 2450 graeco
1211 2398 1289 2437 hoc
1328 2396 1654 2437 animadverten-

167 2471 272 2518 dum,
302 2482 384 2508 non
413 2469 478 2507 hic
504 2482 580 2508 usu
610 2469 791 2522 vulgato,
823 2482 903 2524 quo
920 2467 977 2507 ''ut
1006 2476 1187 2509 nostrum
1213 2465 1316 2508 ill'ud
1341 2458 1507 2508 Macht's
1527 2470 1657 2506 besser

167 2554 191 2578 a
221 2539 440 2581 confidenti
461 2540 630 2580 artifice
664 2542 707 2580 in
734 2541 1050 2593 reprehensores
1079 2541 1159 2580 iaci
1191 2540 1372 2589 solebat,
1403 2540 1477 2579 sed
1506 2540 1564 2578 ita
1585 2538 1654 2577 ad-

166 2610 336 2650 hibitum
366 2623 479 2659 esse,
516 2618 562 2650 ut
589 2612 767 2664 ipsorum
796 2611 1136 2661 obtrectatorum,
1175 2613 1320 2666 quise
1349 2612 1562 2651 inferiores
1593 2623 1654 2648 ar-

166 2683 276 2722 tifice
309 2683 507 2739 sentiant,
544 2683 842 2722 confessionem
870 2683 1090 2723 contineat.
1149 2684 1215 2724 Cf.
1247 2684 1298 2724 de
1326 2696 1404 2723 usu
1433 2688 1474 2720 et
1500 2682 1657 2732 origine

168 2755 254 2793 eius
294 2752 501 2807 proverbii
542 2751 595 2791 Ο.
633 2753 799 2793 Iahnius
857 2755 1056 2802 (Berichte
1091 2758 1128 2794 d.
1165 2758 1309 2805 sciolis„
1332 2758 1417 2794 Ges.
1456 2756 1493 2792 d.
1542 2746 1656 2792 Wiss.

170 2831 260 2867 1856
290 2838 330 2874 p.
360 2824 461 2875 287).
983 2875 1014 2883 Ι-
1658 2873 1662 2876 ,

282 2897 410 2936 Porto
438 2896 577 2935 nescio
602 2896 693 2949 quis
715 2895 920 2936 laudatori
945 2897 1110 2946 suadet,
1149 2903 1195 2936 ut
1219 2896 1322 2935 alias
1350 2895 1557 2936 laudandi
1571 2909 1655 2935 ma-

171 2967 295 3007 terias
325 2975 459 3019 petat:
