1898 3236
728 298 1072 331 οοΝῙΕοΤΑΝΕΑ,
1261 326 1264 328 .
1573 291 1650 331 127

161 405 333 442 Bassum
374 403 454 443 illis
495 403 627 455 tangi,
678 418 753 457 per
797 405 1056 443 accumulata
1093 404 1325 443 testimonia
1363 404 1464 442 nihil
1503 392 1648 457 proba-

160 476 330 516 bilitatis
366 475 578 515 accedere.
637 476 812 514 Bassum
850 476 957 515 enim
991 476 1113 515 istum
1143 475 1327 523 Gellius,
1359 480 1403 513 ut
1430 475 1649 515 subsistam

161 545 202 583 in
230 559 309 584 uno
340 548 518 594 auctore,
549 547 633 586 XV
651 553 674 587 4
699 552 838 586 narrat
861 560 886 585 a
909 546 1071 586 sordido
1094 553 1265 598 quaestu
1287 547 1651 599 comparandorum
1671 584 1677 588 ἃ

160 616 356 655 mulorum
382 622 422 656 et
445 617 736 665 vehiculorum,
765 631 870 670 quae
902 617 1217 668 magistratibus,
1249 619 1317 671 qui
1337 618 1467 657 sortiti
1484 619 1648 670 provin-

162 686 245 725 cias
281 688 433 737 forent,
473 687 709 740 praebenda
737 687 899 739 publice
931 689 1213 738 conduxisset,
1244 690 1437 743 deinceps
1473 704 1649 729 summos

159 758 418 809 magistratus
448 759 691 808 obtinuisse,
724 758 972 805 tribunatum
998 760 1122 812 plebi,
1156 763 1404 813 praeturam,
1435 761 1647 813 pontifica-

158 837 262 878 tum,
300 832 566 870 consulatum.
625 830 733 868 Nam
767 845 843 870 nec
877 832 1045 884 parochi
1073 832 1155 871 vim
1184 833 1292 885 cepit
1321 833 1533 885 Roeperus
1571 846 1648 872 nec

160 901 341 940 ordinem
382 903 631 953 singulorum
669 907 739 940 aut
776 902 1045 948 membrorum
1081 903 1393 942 concinnitatem
1423 903 1647 955 reputavit:

160 973 334 1027 denique
362 987 440 1013 nec
465 973 538 1012 illa
565 975 626 1011 hic
655 975 754 1010 enim
781 976 907 1011 omnia
933 981 1020 1012 erat
1045 975 1261 1014 intellexit.
1322 974 1455 1026 Quam
1484 974 1648 1027 quidem

157 1044 403 1084 locutionem
433 1044 672 1096 Schopenus
700 1044 743 1083 in
769 1045 1026 1097 praefatione
1056 1047 1110 1085 ad
1138 1046 1264 1085 Nakii
1290 1045 1499 1086 Valerium
1527 1045 1648 1084 Cato-

157 1130 250 1156 nem
277 1131 316 1170 p.
341 1131 384 1156 1x
412 1117 636 1156 rectissime
666 1123 707 1156 et
736 1116 920 1169 apposite
949 1117 1002 1156 ad
1031 1123 1210 1156 nostrum
1231 1117 1365 1155 locum
1387 1122 1523 1156 monet
1550 1118 1649 1155 ‘non
1673 1123 1676 1126 '

152 1189 283 1228 ‘fuisse
322 1190 363 1228 in
394 1202 471 1227 usu
508 1187 586 1227 nisi
630 1187 943 1239 proverbialiter
974 1189 1025 1228 de
1057 1203 1119 1237 eo,
1149 1188 1218 1242 qui
1248 1202 1355 1241 quae
1387 1194 1479 1226 sunt
1509 1194 1648 1240 partes

160 1259 329 1300 aliorum
355 1259 542 1308 omnium,
571 1249 679 1298 solu‘s
701 1258 885 1306 sustinet,
917 1260 985 1298 vel
1013 1260 1083 1312 qui
1111 1260 1244 1299 omnia
1273 1262 1438 1313 potest.'
1497 1261 1647 1299 Exem-

158 1331 227 1382 pla
259 1331 344 1369 eius
376 1344 492 1379 usus,
522 1344 604 1369 non
632 1329 823 1381 neglecto
857 1330 1052 1369 Varronis
1087 1331 1336 1382 fragmento,
1367 1332 1527 1371 Nakius
1553 1345 1647 1370 con-

159 1401 288 1452 gessit
316 1401 358 1439 in
384 1402 669 1440 commentario
698 1400 751 1439 ad
770 1401 986 1440 Valerium·
999 1401 1197 1442 Catonem
1225 1417 1266 1455 p.
1290 1410 1369 1451 183,
1404 1416 1648 1456 quamquam

158 1471 306 1524 ipsum,
346 1472 457 1512 cuius
490 1486 614 1512 causa
644 1486 694 1511 ea
727 1471 883 1521 attulit,
917 1472 1083 1514 Catonis
1112 1475 1343 1527 exemplum
1371 1474 1526 1512 nullum
1557 1487 1648 1513 esse

158 1544 367 1583 luculenta
396 1543 599 1596 Schopeni
628 1543 857 1583 emendatio
884 1545 1094 1596 patefecit,
1127 1546 1191 1583 cui
1211 1559 1319 1598 quae
1340 1545 1490 1585 obiecit
1512 1547 1559 1584 F.
1581 1546 1647 1584 Ia-

161 1615 285 1654 cobus
313 1615 519 1665 Philologi
547 1615 615 1653 III
643 1629 682 1667 p.
711 1621 781 1657 548
810 1605 870 1669 sq.
900 1615 1077 1655 mirabor
1116 1617 1150 1655 si
1190 1617 1253 1656 cui
1276 1617 1439 1670 probari
1470 1616 1646 1656 audiam.

158 1688 304 1725 Restat
332 1692 377 1725 ut
407 1686 458 1725 de
487 1686 655 1726 metrica
683 1687 809 1726 nostri
837 1688 1055 1739 fragmenti
1077 1688 1329 1727 restitutione
1364 1688 1510 1727 dicam.
1546 1689 1647 1727 Illos

160 1759 266 1797 enim
298 1771 441 1798 versus
478 1771 569 1797 esse
605 1758 756 1811 primus
786 1758 992 1798 Laevinus
1023 1759 1261 1798 Torrentius
1292 1759 1345 1798 ad
1375 1760 1591 1798 Horatium
1618 1759 1646 1799 l.

159 1822 205 1869 c.
222 1829 446 1882 persensit,
485 1829 553 1882 qui
583 1834 718 1869 tamen
747 1839 849 1883 quos
879 1831 1061 1870 senarios
1092 1830 1307 1882 descripsit
1334 1844 1477 1882 parum
1501 1831 1648 1883 proba-

157 1899 261 1939 biles
293 1913 384 1939 esse
409 1906 521 1958 recte
546 1900 741 1940 iudicavit
763 1903 986 1955 Roeperus.
1031 1902 1115 1942 Sed
1143 1916 1196 1941 ne
1226 1902 1344 1941 huius
1368 1901 1533 1955 quidem
1556 1915 1646 1940 ver-

156 1970 266 2010 sibus
294 1978 387 2023 post
415 1985 464 2011 ea
491 1985 596 2025 quae
626 1972 984 2026 suprassdisputavi
1017 1972 1216 2012 subscribi
1245 1961 1414 2026 poterit:

696 2066 758 2103 hie
787 2067 886 2103 enim
916 2069 1003 2103 erat
1030 2066 1156 2102 omnia

358 2135 467 2172 Ide'm
497 2138 699 2182 sacerdos,
726 2137 903 2184 praetor,
930 2137 1126 2184 parochos
1156 2135 1318 2184 de'nique

359 2206 465 2243 Ide'm
492 2213 669 2261 senatus,
700 2207 799 2244 idem
831 2205 952 2256 [erat]
982 2205 1121 2254 populi
1143 2206 1277 2253 kaput.

156 2295 284 2332 Immo
313 2308 395 2332 non
425 2295 580 2346 indigni
610 2296 781 2334 forsitan
808 2296 993 2335 Varrone
1022 2295 1065 2334 hi
1095 2296 1316 2348 septenarii
1345 2296 1543 2336 trochaici
1573 2296 1646 2335 ha-

156 2365 349 2403 beantur:
1324 2360 1330 2361 7

724 2484 727 2486 ¹
1350 2439 1414 2477 hie
1439 2441 1538 2477 enim

357 2502 507 2546 'Omnia
536 2513 642 2546 erat.-
669 2508 767 2546 ide'm
797 2510 998 2555 sacerdos,
1019 2508 1206 2557 prodier,
1235 2511 1452 2567 parochos:
1482 2509 1646 2558 cle'nique

356 2571 479 2635 'Idem‘
499 2577 619 2634 [erat]
645 2580 813 2627 sentitus,
840 2581 939 2618 idem
964 2581 1163 2629 po'pulus:
1180 2579 1269 2631 [pes
1299 2583 1397 2619 idem
1427 2580 1482 2632 e't]
1513 2586 1643 2629 caput.
