1898 3236
226 248 280 289 82
797 257 1144 290 commertium..

225 370 309 402 tum
337 367 377 402 in
402 363 483 414 (m).
530 363 651 402 Cuius
683 363 828 401 erroris
857 376 1020 416 compar
1049 363 1278 415 exemplum
1309 350 1445 412 affero,
1481 377 1560 416 quo
1591 364 1708 403 simul

226 434 396 473 alterum
442 435 637 473 Varronis
679 434 948 485 fragmentum
994 433 1246 473 emendatius
1279 434 1465 492 scribam.
1524 435 1573 473 In
1603 440 1709 474 Vnu-

228 520 350 544 monum
380 506 485 543 enim
517 506 743 556 fragmento
773 507 891 545 unico
920 507 1010 558 ipsa
1041 505 1291 544 concinnitas
1323 496 1448 556 exigit
1477 507 1534 544 ita
1566 507 1710 546 scribi:

228 579 377 614 Etenim
416 580 471 614 sic
507 579 610 614 vide:
650 583 780 615 utrum
820 576 862 627 [a
898 575 973 627 me]
1009 578 1219 614 mercedem
1249 579 1391 625 accipit
1419 580 1470 623 is,
1513 581 1580 627 qui
1606 590 1712 616 meas

227 650 327 685 venit
366 649 502 696 seqetis
544 653 587 686 ut
621 651 784 694 sarram,
823 661 874 685 an
909 650 1054 696 eqo-ab
1083 650 1172 693 illo?
1230 648 1374 696 Seqetis
1404 648 1552 697 forma,
1595 663 1714 702 quam

227 717 320 756 libri
356 717 554 770 praebent
585 706 782 770 (Nonsp.
807 724 842 766 8,
873 721 926 768 2),
955 717 1050 756 addi
1085 724 1221 769 potest
1245 718 1315 767 iis,
1360 732 1470 771 quas·
1486 719 1729 773 Lachmanf

190 818 201 825 ,
229 802 303 826 nus
343 788 394 827 ad
434 788 612 827 Lucretii
649 789 670 827 I
704 796 772 830 805
813 802 853 840 p.
893 793 936 829 57
971 801 1021 826 ex
1061 788 1204 826 eodem
1233 789 1365 828 Nonio
1398 791 1536 838 affert,
1578 776 1726 840 segeti?

232 858 422 909 Vergilii,
454 862 584 907 teqetis
614 859 820 909 Varronis,
852 861 971 896 velitis
1001 857 1184 910 Sallustii
1217 866 1256 898 et
1284 858 1492 900 Varronis.
1554 861 1638 901 Sed
1665 862 1711 900 il-

231 930 301 968 lud
340 930 609 980 fragmentum
654 929 862 969 commode
901 929 1089 968 admonet
1127 930 1316 979 alterius,
1351 931 1463 970 cuius
1492 932 1716 982 integritati

233 999 440 1039 consimile
477 996 731 1039 librariorum
763 1000 955 1039 delictum
987 1000 1134 1040 offecit.
1195 1001 1367 1041 Saturae
1397 1002 1528 1050 enim,
1560 1003 1624 1041 cui
1655 1003 1713 1041 in-

234 1071 422 1111 scribitur
459 1077 651 1111 ΤΡιοΛιτιιο
675 1077 886 1120 ΤΡιΠγΛιοο,
927 1071 975 1109 fr.
1005 1077 1028 1112 3
1056 1084 1078 1110 e
1107 1071 1230 1110 Nonii
1258 1072 1371 1111 libris
1407 1087 1446 1126 p.
1476 1080 1564 1122 410,
1598 1079 1621 1114 4
1659 1074 1718 1115 ita

233 1142 399 1194 prodiit:
430 1143 600 1182 ‘Tristis'
632 1147 774 1183 doetus.
834 1144 958 1181 Varro
992 1143 1175 1191 Trifodite
1199 1173 1206 1180 .
1230 1160 1267 1181 .:
1294 1146 1390 1182 illud
1415 1156 1504 1182 vero
1525 1147 1714 1192 quondam

234 1226 351 1260 meae,
382 1220 423 1252 ut
443 1227 510 1263 eqo
530 1228 603 1254 non
635 1220 798 1252 metuam
815 1215 976 1263 fulmen,
1008 1226 1082 1251 non
1111 1217 1327 1263 aruspicem
1353 1218 1509 1261 tristem,
1540 1218 1653 1253 simul
1671 1220 1743 1252 ac*

235 1289 311 1324 «lici
339 1299 414 1324 non
445 1297 599 1334 quaero.
651 1285 955 1335 ‘Fragmentum
987 1284 1346 1335 eorruptissimum’
1381 1285 1477 1324 dicit
1500 1283 1715 1334 Ochlerus,

236 1356 318 1395 ‘cui
349 1355 598 1394 commodam
626 1354 869 1394 medicinam
908 1368 988 1393 non
1015 1353 1196 1393 habeat!
1255 1356 1392 1395 Nihilo
1423 1362 1557 1408 tamen
1588 1356 1717 1406 minus

239 1441 290 1466 ex
321 1440 395 1465 sua
420 1432 460 1465 et
487 1427 668 1478 Popmae
699 1426 932 1465 coniectura
961 1425 1142 1464 refictum
1171 1425 1229 1463 ita
1253 1428 1472 1478 expressit:
1511 1429 1607 1465 illud
1630 1438 1719 1465 vero

239 1502 429 1548 quondam
467 1500 542 1546 effi,
590 1503 632 1535 ut
670 1508 736 1546 eqo
772 1527 780 1535 .
821 1527 828 1534 .
867 1527 874 1535 .
908 1499 1074 1534 tristem:
1120 1497 1305 1533 simulans
1336 1499 1413 1534 dici
1447 1509 1522 1534 non
1561 1508 1717 1545 quaero.

241 1570 397 1622 Quibus
435 1582 580 1608 vereor
609 1581 661 1606 nc
688 1568 788 1607 nihil
819 1566 1074 1615 emendetur,
1107 1572 1410 1618 corrumpantur
1441 1572 1575 1606 autem
1599 1568 1720 1606 etiam

241 1655 346 1694 quac
383 1653 484 1679 sana
522 1644 562 1677 et
597 1638 756 1690 integra
788 1639 878 1678 sint.
938 1638 1079 1689 Longe
1116 1636 1199 1675 illis
1236 1637 1527 1677 consideratius
1567 1638 1719 1677 Stewe-

242 1711 354 1749 chius
386 1709 544 1749 scribit:
590 1712 685 1748 illud
713 1721 801 1747 vero
831 1711 1021 1758 quondam
1048 1711 1173 1747 animo
1200 1721 1280 1747 meo
1310 1702 1425 1756 sedet,
1454 1715 1506 1748 ut.
1566 1709 1723 1759 Tetigit

242 1782 310 1820 ille
340 1781 595 1835 sententiam,
626 1795 745 1833 quam
770 1780 907 1832 paullo
932 1779 1082 1818 rectius
1114 1786 1155 1818 et
1183 1781 1346 1832 propius
1374 1793 1398 1818 a
1426 1779 1577 1818 tradita
1596 1779 1720 1830 scrip-

243 1848 426 1892 tiira‘ita
461 1851 634 1901 retingo:
674 1853 769 1905 illud
804 1863 892 1889 vero
919 1853 1021 1899 quod
1050 1848 1212 1901 amsme]
1245 1862 1362 1896 meae,
1387 1856 1446 1888 ut.
1506 1849 1721 1887 Leidensis

244 1925 348 1962 enim
386 1929 426 1962 et
465 1922 720 1962 Genevensis
753 1923 933 1971 quodam,
964 1933 1043 1958 non
1071 1923 1281 1968 quondam,
1312 1927 1356 1959 ut
1383 1909 1542 1971 reliqui.
1602 1919 1722 1957 Desi-

245 1994 407 2032 deratur
447 2000 582 2033 autem
617 1994 685 2033 vel
719 1995 777 2032 sie
804 1991 1008 2043 xverbum,
1056 1991 1165 2030 unde
1204 1991 1412 2043 pendeant
1440 1989 1724 2028 haecanimae

244 2077 360 2102 meae.
420 2066 500 2103 Pro
522 2065 740 2104 Stewechii
766 2066 871 2102 sedet
897 2063 1003 2101 malo
1029 2065 1177 2108 insidet,
1207 2075 1296 2101 cum
1324 2061 1452 2101 verba
1480 2061 1529 2098 in,
1551 2060 1722 2099 trochai-

245 2149 380 2174 corum
407 2148 592 2176 numeros
624 2134 732 2173 coire
757 2133 941 2173 videam:

838 2284 841 2287 Ι
914 2237 1011 2273 illud
1039 2234 1128 2272 ve'ro
1156 2235 1258 2283 quod
1285 2233 1438 2270 animae'
1464 2243 1568 2270 meae

414 2344 416 2346 .
450 2292 654 2358 [insidetL
683 2313 724 2344 ut
749 2307 816 2355 e'qo
845 2319 919 2344 non
947 2311 1111 2343 metuam
1137 2304 1298 2353 fulmen,
1323 2317 1398 2341 non
1428 2304 1642 2350 aruspicem

453 2378 611 2414 Tristem
639 2379 752 2415 simul
778 2390 823 2414 ac
854 2378 932 2415 dici
956 2389 1031 2415 non
1061 2387 1218 2424 quaero.

251 2490 371 2527 Simul
400 2501 445 2526 ac
483 2491 572 2527 dicit
600 2490 756 2538 malim,
797 2495 841 2527 ut
869 2477 973 2528 haec
1005 2502 1095 2527 cum
1121 2491 1265 2526 tristem
1293 2499 1396 2526 voce
1427 2485 1640 2524 coniuncta
1663 2497 1726 2522 ru-

250 2567 347 2612 gata
388 2561 540 2608 fronte,
585 2573 674 2598 cum
721 2559 886 2598 oracula
921 2571 994 2597 sua
1026 2563 1184 2605 cantat,
1229 2557 1455 2608 aruspicem
1492 2556 1726 2607 designent:

252 2632 370 2670 modo
412 2632 564 2683 possim
605 2630 787 2682 proxima
824 2643 899 2668 non
933 2641 1078 2678 quaero
1117 2634 1184 2667 aut
1217 2627 1433 2666 emendare
1462 2626 1729 2683 probabiliter

253 2709 321 2741 aut
358 2702 583 2753 explicare:
623 2714 729 2738 nunc
765 2713 854 2738 cum
884 2700 1054 2753 abrupta
1083 2701 1135 2739 sit
1166 2699 1405 2747 sententia,
1426 2688 1659 2749 praestabit
1680 2707 1729 2733 ea

251 2773 406 2811 intacta
441 2764 684 2825 relinquere.
743 2771 852 2810 Illud
898 2778 1033 2810 autem
1067 2770 1174 2824 quod
1210 2773 1346 2808 insidet
1383 2768 1581 2820 producta
1617 2766 1727 2804 finali

252 2844 392 2891 intuli,
425 2856 506 2881 non
545 2848 607 2881 est
643 2842 749 2894 quod
778 2842 899 2880 hodie
930 2839 1187 2890 excusetur,‘
1213 2844 1263 2880 ex
1292 2854 1370 2892 quo
1400 2839 1450 2878 de
1470 2837 1548 2875 hoc
1579 2849 1729 2887 genere

255 2916 359 2952 omni
387 2929 410 2952 a
437 2913 660 2952 Ritschelio
693 2913 825 2952 edocti
856 2926 1003 2954 sumus,
1049 2913 1137 2951 Nec
1168 2910 1304 2950 dubito
1333 2923 1421 2947 cum
1448 2908 1608 2958 gemina
1637 2916 1728 2959 pro‘-
1774 2903 1779 2928 ’-
