1898 3236
760 249 1105 282 comem-mm.
1620 240 1673 282 23

139 365 144 370 '
192 361 350 414 Quibus
381 359 567 399 conferas
594 358 669 397 hos
696 355 846 397 Catulli
875 368 1019 395 versus
1047 355 1194 394 LXIII
1223 360 1291 395 20:

398 441 468 478 Ubi
493 440 706 488 cymbalum
730 440 845 475 sonat
874 447 967 480 vox,
999 437 1065 472 ubi
1086 440 1270 484 tympana
1295 436 1466 480 reboant,

397 511 549 548 Tibicen
578 510 642 546 ubi
665 510 771 546 canit
792 508 936 556 Phryx
964 518 1082 544 curvo
1108 516 1228 554 grave
1257 507 1417 550 calamo,

399 582 470 619 Ubi
496 581 628 628 capita
655 580 861 616 maenades
888 580 927 616 vi
954 579 1102 615 iaciunt
1126 576 1388 624 hederiyerae,

401 653 470 691 Ubi
495 663 612 689 sacra
641 654 777 688 sancta
806 650 930 686 acutis
957 649 1165 685 ululatibus
1192 645 1350 695 aqitant.

190 745 241 783 In
261 742 455 783 Varronis
483 739 670 779 versibus
701 737 811 792 quod
837 751 927 776 cum
956 737 1246 776 sententiarum
1273 736 1420 776 finibus
1447 751 1528 776 non
1558 750 1679 776 accu-

192 819 280 853 rate
317 812 563 851 conveniunt
599 809 759 849 termini
788 822 998 856 versuum,
1041 807 1119 847 arti
1146 807 1342 847 Varronis
1374 808 1681 861 condonabitur,

196 898 315 938 quem
341 881 577 934 ceteroquin
603 893 746 919 severe
770 880 849 918 hoc
874 892 1002 931 genus
1022 891 1215 918 versuum
1238 877 1469 917 condidisse
1494 879 1680 918 vidimus.

192 956 338 1007 Itaque
366 952 580 992 redeamus
610 964 716 989 nunc
742 951 865 998 illuc,
904 950 1012 989 unde
1041 949 1301 997 defleximus,
1333 954 1376 987 ut
1406 949 1558 988 Kochii
1593 950 1680 1001 gal-

191 1024 364 1064 liambos
395 1020 686 1074 expendamus.
738 1021 830 1060 Hoc
855 1035 961 1060 nunc
991 1026 1181 1073 apparet,
1221 1033 1299 1072 quo
1330 1019 1416 1058 iure
1446 1020 1679 1072 scripserit:

191 1095 316 1148 ‘quod
347 1092 569 1133 anaclasim
595 1091 682 1130 fere
714 1091 879 1143 syllaba
907 1092 1031 1143 longa
1058 1089 1291 1144 praecedit,
1337 1089 1483 1129 eadem
1514 1090 1684 1130 licentia

191 1164 393 1206 invenitur
421 1165 463 1202 in
488 1163 683 1203 Varronis
712 1169 790 1204 sat.
821 1170 864 1204 31
878 1193 887 1211 ‚
919 1168 987 1204 36:

398 1257 482 1293 Tibi
509 1260 655 1304 typana
678 1267 755 1293 non
781 1257 910 1292 inanis
938 1256 1086 1292 sonitus
1115 1255 1251 1291 matris
1279 1252 1421 1290 deum?

191 1349 421 1387 Recurrunt
441 1351 575 1384 autem
596 1345 714 1384 huius
742 1344 934 1384 licentiae
959 1344 1001 1382 in
1020 1344 1149 1396 primo
1168 1357 1292 1382 versu
1313 1342 1411 1391 duo,
1442 1342 1484 1382 in
1503 1342 1683 1381 secundo

193 1424 234 1458 et
261 1417 382 1456 tertio
413 1417 576 1468 singula
606 1417 815 1469 exempla:
863 1422 1079 1468 praeterea
1109 1414 1232 1453 iidem
1269 1420 1352 1452 tres
1383 1426 1526 1452 versus
1556 1412 1683 1451 tribus

194 1490 493 1540 distinguuntur
520 1488 726 1536 molossis,
766 1487 834 1540 qui
861 1500 952 1525 cum
979 1499 1060 1524 non
1091 1485 1226 1524 illiciti
1263 1484 1414 1524 fuerint
1441 1483 1612 1523 Graecis
1642 1483 1684 1521 in

194 1562 401 1613 utriusque
436 1557 684 1598 hemistichii
718 1557 852 1606 initio,
900 1563 1037 1596 tamen
1075 1557 1214 1595 nescio
1253 1570 1305 1595 an
1339 1568 1436 1594 casu
1474 1554 1683 1602 acciderit,

194 1631 303 1685 quod
333 1645 423 1670 cum
451 1630 493 1668 in
522 1643 595 1668 sex
613 1629 800 1669 versibus
817 1628 1012 1668 Varronis
1030 1626 1166 1665 nullus
1181 1623 1413 1666 inveniatur
1432 1624 1578 1676 (semel
1595 1631 1683 1663 tan-

196 1709 280 1741 tum
304 1700 666 1754 palimbacchius),
697 1701 786 1740 fere
810 1697 959 1749 singuli
984 1710 1128 1736 versus
1149 1696 1355 1736 Kochiani
1380 1696 1563 1747 singulos
1588 1695 1684 1735 effe·

194 1778 300 1811 runt.
346 1772 413 1811 Ita
442 1785 533 1810 cum
556 1771 690 1810 nullus
713 1783 851 1810 eorum
872 1768 922 1808 ab
944 1768 1152 1820 elegantia
1172 1768 1504 1808 commendabilis
1527 1767 1684 1807 exierit,

195 1843 359 1891 tertius,
389 1842 431 1880 in
461 1855 539 1894 quo
568 1842 641 1881 ille
668 1842 842 1880 maxime
865 1839 1093 1888 laboravit,
1124 1839 1227 1879 adeo
1255 1840 1449 1879 deformis
1479 1840 1686 1879 officinam

194 1913 378 1966 reliquit:
411 1913 572 1964 quando
601 1927 678 1953 nec
709 1912 976 1966 dispondeum
1003 1910 1182 1951 secundo
1203 1911 1294 1950 loco
1314 1924 1392 1950 nec
1414 1910 1687 1951 choriambum

195 1984 314 2024 tertio
360 1996 438 2035 quo
486 1990 605 2023 tuear
648 1985 826 2024 invenio.
891 1985 1003 2035 Ergo
1041 1982 1180 2022 incudi
1218 1980 1327 2020 male
1364 1983 1514 2021 tornati
1543 1995 1685 2021 versus

194 2054 428 2095 reddantur.

306 2126 459 2164 Verum
497 2124 630 2164 eidem
669 2125 830 2165 Kochio
869 2125 949 2165 duo
994 2131 1210 2178 praeterea
1255 2122 1505 2175 galliambici
1542 2135 1685 2162 versus

199 2197 417 2244 debentur,
449 2210 617 2249 quorum
645 2196 750 2235 alter
787 2202 988 2234 Exnomnm
1020 2196 1069 2234 fr.
1101 2202 1124 2235 4

397 2289 518 2326 Pater
542 2293 584 2325 ut
609 2299 750 2326 cruore
776 2289 921 2325 laveret
950 2299 1113 2324 ararum
1142 2296 1320 2335 ayyerem

196 2378 382 2416 nimirum
416 2376 624 2428 bisyllaba
654 2376 850 2424 catalexi‚
892 2389 946 2415 110
974 2376 1109 2415 hiatus
1142 2374 1343 2422 offendat,
1381 2373 1531 2426 probus
1565 2387 1683 2412 sena-

196 2450 278 2487 rius
309 2454 391 2487 est:
424 2461 563 2500 quem,
596 2448 630 2486 si
659 2448 784 2496 velis,
816 2447 948 2500 possis
977 2460 1102 2495 sane,
1140 2445 1255 2484 velut
1283 2447 1466 2484 altarium
1494 2458 1566 2496 pro
1594 2458 1685 2482 ara-

197 2533 284 2557 rum
312 2519 468 2571 posito,
509 2518 551 2556 in
586 2517 735 2571 bonum
768 2517 1034 2569 galliambum
1063 2531 1138 2557 sua
1168 2517 1353 2568 legitima
1383 2514 1561 2554 catalexi
1591 2527 1684 2553 con-

195 2597 379 2639 vertere,
421 2596 465 2629 ut
498 2588 570 2627 ille
595 2589 848 2628 Maecenatis
883 2589 1109 2629 versiculus
1150 2588 1258 2641 apud
1287 2587 1456 2627 Atilium
1485 2587 1685 2626 Fortuna·

194 2662 348 2700 tianum
376 2675 416 2714 p.
443 2665 534 2702 2677

400 2753 476 2789 Hic
506 2751 676 2800 nympha
706 2752 823 2800 cinyit
852 2753 972 2789 omnis
998 2752 1204 2789 Acheloum
1231 2760 1360 2788 senem

198 2841 329 2880 ascita
365 2843 543 2897 Acheloi«)
579 2841 709 2879 forma
748 2853 771 2879 e
815 2840 975 2879 senario
1015 2841 1099 2879 exit
1135 2838 1390 2892 galliambus.
1447 2836 1528 2876 Ille
1564 2836 1685 2887 igitur

199 2911 441 2963 galliambus
481 2925 571 2950 cum
606 2910 740 2950 nullus
773 2911 845 2959 sit,
885 2911 1056 2950 alterum
1092 2923 1212 2963 quem
1243 2923 1265 2949 e
1294 2914 1545 2947 Mvsrsmoauu
1580 2907 1630 2946 fr.
1663 2914 1682 2947 l
