1898 3236
249 280 328 330 1‘54
819 298 1160 331 comncrANEA.

245 410 357 443 recte
374 404 558 454 Scaliger
575 404 782 442 admonuit
797 403 838 442 in
857 404 1068 443 catalectis
1086 419 1126 457 p.
1148 411 1215 446 102
1231 419 1311 444 non
1326 408 1522 444 intendere
1537 418 1727 445 annonam

245 475 318 515 sed
348 478 551 514 incendere
580 474 742 525 linguae
771 488 846 514 usu
870 475 1046 526 probari.
1086 475 1151 517 Of.
1175 475 1390 515 Turnebus
1421 475 1462 514 in
1482 475 1727 515 adversariis

244 546 375 585 XXII
404 552 461 587 23.
522 545 590 584 Sic
620 558 796 585 annonae
820 549 997 585 incendia
1026 545 1216 586 Manilius
1237 547 1298 587 IV
1323 553 1391 589 168
1419 552 1460 585 et
1488 547 1616 586 Varro
1639 532 1728 598 ipse

245 630 378 656 rerum
412 615 652 655 rusticarum
691 616 758 654 III
786 621 827 664 2,
860 623 904 659 16
954 619 1030 656 Sea
1063 624 1104 656 ut
1142 621 1194 656 ad
1226 619 1328 657 hunc
1357 620 1480 656 bolum
1504 619 1725 665 pervenias,

244 700 341 736 opus
377 689 450 725 erit
479 689 544 725 tibi
572 692 640 724 aut
667 689 819 736 epulum
849 694 916 726 aut
945 690 1162 737 triumphus
1191 691 1354 726 alicuius
1385 718 1392 726 .
1424 718 1432 725 .
1464 693 1531 725 aut
1557 689 1728 736 eolleyio-

244 771 330 796 rum
367 768 505 802 cenae,
543 769 642 805 quae
675 770 778 796 nunc
814 761 1109 814 innumerabiles
1134 761 1506 809 excandesaciebant
1536 770 1727 796 annonam
1791 753 1802 768 “

246 818 428 879 [macelli]
462 857 469 865 .
504 857 511 864 .
545 857 553 865 .
587 858 594 866 .
635 834 772 877 quotus
800 831 959 878 quisque
995 832 1093 867 enim
1122 835 1176 868 est
1205 843 1351 876 annus,
1391 843 1465 879 quo
1494 842 1571 868 non
1599 831 1728 882 videas

242 902 396 948 epulum
429 904 495 936 aut
534 901 773 961 triumphum(
805 905 873 937 aut
900 902 1058 949 eolleqia
1087 903 1258 949 epulari,
1299 913 1398 950 quae
1424 913 1527 940 nunc
1555 902 1726 938 innume-

243 973 383 1009 rabiles
411 972 618 1008 incendunt
649 972 863 1017 (intendunt
890 974 972 1008 vet.
1002 970 1091 1010 cod.
1125 969 1194 1022 G.)
1224 985 1428 1010 annonam.
1477 974 1546 1009 sed
1564 975 1728 1019 propter

241 1044 461 1086 luxuriam,
499 1042 637 1088 inquit,
677 1042 950 1088 quodammodo
983 1043 1134 1089 epulum
1175 1047 1231 1079 est
1267 1044 1371 1080 intra
1399 1045 1539 1080 ianuas
1569 1042 1724 1078 Romae.

242 1113 335 1151 Non
364 1111 529 1161 effugiet
557 1110 764 1158 lectorem,
795 1123 915 1162 quam
944 1112 1047 1150 haec
1078 1117 1119 1150 et
1146 1112 1503 1151 meam‘adiuvent
1535 1109 1745 1149 emenda-v

242 1183 391 1221 tionem
429 1186 470 1220 et
504 1193 661 1218 omnem
695 1180 806 1218 illam
843 1183 1084 1220 sententiam
1112 1182 1326 1221 illustrent.
1384 1182 1482 1221 Nec·
1505 1194 1528 1219 e
1557 1193 1602 1219 re
1633 1185 1726 1218 sunt

242 1253 314 1292 illa
349 1266 372 1290 e
405 1251 613 1290 Ciceronis
644 1251 750 1299 vita,
787 1264 893 1304 quae
922 1253 1054 1303 tangit
1084 1252 1126 1290 in
1154 1253 1238 1292 Pis.
1271 1266 1306 1293 c.
1339 1261 1402 1301 15,
1428 1257 1475 1294 34
1503 1257 1544 1290 et
1571 1249 1625 1290 ad
1650 1250 1724 1290 At-

242 1325 365 1363 ticum
391 1323 453 1362 IV
478 1329 511 1370 1,
546 1327 568 1363 6
596 1319 665 1372 (de
693 1320 810 1359 domo
837 1335 909 1360 sua
938 1328 971 1368 6,
1006 1322 1079 1374 14),
1114 1321 1340 1362 confluente
1367 1329 1533 1376 propter
1562 1322 1724 1362 Cicero-

241 1396 303 1433 nis
335 1394 507 1433 reditum
542 1406 591 1432 ex
630 1392 751 1431 Italia
780 1392 935 1431 infinita
960 1392 1166 1432 hominum
1194 1393 1446 1434 multitudine
1472 1393 1628 1432 Romae
1655 1406 1724 1431 an-

241 1478 387 1503 nonam
426 1478 547 1517 supra
582 1463 742 1502 modum
778 1463 984 1503 incensam
1016 1465 1155 1503 fuisse.
1220 1464 1308 1502 Iam
1345 1477 1442 1503 vero
1481 1478 1571 1503 cum
1601 1477 1724 1503 enun-

201 1583 209 1589 ο
242 1537 330 1574 tiati
366 1536 494 1574 forma
531 1537 580 1575 fr.
618 1536 682 1574 XI
719 1548 808 1573 cum
838 1534 886 1574 fr.
913 1535 956 1573 X
997 1535 1229 1573 cohaesisse
1267 1535 1480 1574 convincat
1520 1534 1725 1587 (vel-ipsa

241 1613 465 1659 temporum
498 1606 734 1645 diversitas:
765 1608 970 1644 incendant
996 1628 1052 1633 —
1082 1608 1413 1644 calumniarentur
1451 1608 1488 1646 ei
1514 1606 1724 1645 iuncturae

234 1677 387 1728 favet),
417 1677 521 1715 illud
551 1689 709 1729 quoque
739 1681 923 1727 apparet,
954 1689 1034 1714 non
1062 1674 1207 1716 abesse
1235 1676 1286 1715 fr.
1307 1677 1350 1715 X
1379 1675 1429 1715 ab
1463 1690 1511 1715 eo
1543 1690 1622 1729 quo
1648 1690 1722 1729 po-

242 1749 301 1787 sui
329 1748 434 1787 loco.
475 1747 612 1800 Atque
646 1748 767 1786 etiam
799 1749 976 1798 apertius
1009 1747 1186 1787 ciborum
1215 1747 1414 1786 luxuriam
1434 1749 1561 1787 refert
1581 1749 1632 1787 fr.
1655 1747 1721 1787 XI

239 1833 333 1871 pars
362 1819 492 1858 altera
521 1818 571 1860 de
599 1817 867 1870 phagonibus.
927 1818 1182 1871 Quamquam
1211 1819 1334 1858 haec:
1360 1821 1428 1856 sed
1442 1823 1607 1867 propter
1621 1818 1723 1867 pha-

236 1902 354 1939 9ones
373 1895 450 1928 cet.
471 1903 552 1928 non
571 1895 669 1941 puto
693 1888 761 1927 vel
782 1887 832 1926 ab
853 1879 996 1926 eadem
1010 1902 1184 1940 persona
1202 1889 1270 1928 vel
1289 1902 1367 1927 uno
1389 1888 1611 1941 eodemque
1634 1902 1725 1927 cum

239 1960 511 2014 superioribus
531 1966 672 1998 tenore
698 1958 806 1997 elata
835 1971 940 1997 esse.
993 1958 1114 1997 Certe
1142 1958 1221 1997 nisi
1243 1959 1423 1997 variatus
1446 1959 1580 2010 aliquo
1596 1959 1723 1998 modo

240 2047 370 2072 sermo
393 2033 480 2079 fuit,
510 2034 578 2070 sed
599 2030 812 2082 particula,
843 2043 923 2082 qua
954 2029 1167 2068 commode
1189 2030 1403 2068 interiecta
1421 2028 1720 2067 interlocutoris

238 2103 366 2142 verba
382 2101 689 2142 introducantur
708 2099 779 2152 (cf.
795 2101 925 2140 Varro
946 2099 997 2138 de
1015 2113 1060 2138 re
1078 2104 1175 2139 rust.
1193 2100 1223 2140 l.
1244 2113 1276 2142 s.
1296 2098 1365 2151 c.),
1391 2113 1512 2150 aegre
1532 2099 1722 2151 expedia-

238 2180 313 2214 tur.
366 2171 676 2212 similitudinem
707 2171 935 2211 sententiae
967 2183 1056 2209 cum
1087 2170 1243 2223 Diphili
1281 2170 1466 2211 versibus
1493 2168 1722 2208 Meinekius

239 2243 539 2283 animadvertit.
587 2243 655 2282 Sic
684 2244 790 2282 enim
816 2246 939 2295 poe'ta
961 2254 1130 2292 graecus
1164 2239 1282 2292 (com.
1302 2255 1361 2292 gr.
1389 2241 1531 2291 fragm.
1553 2240 1614 2279 IV
1635 2243 1724 2285 389)

239 2313 404 2367 πέρδικα
431 2308 470 2351 δ’
502 2305 528 2363 ἢ
555 2313 695 2364 κίχλην
727 2326 771 2364 γε
799 2305 849 2362 νὴ
884 2306 952 2350 Δί’
985 2305 1115 2350 οὐκέτι
1145 2309 1251 2349 ἔστιν
1277 2304 1330 2349 δι’
1360 2303 1464 2360 ὑμᾶς
1492 2303 1583 2349 οὐδὲ
1608 2322 1719 2349 πετο-

238 2383 361 2435 μένην
398 2383 508 2422 ἶδεῖν.
579 2384 701 2424 Addo
747 2383 927 2435 graviter
962 2383 1227 2436 depravatum
1263 2381 1409 2420 Lucilii
1453 2382 1722 2433 fragmentum

239 2455 346 2508 apud
371 2455 548 2493 Nonium
577 2468 617 2506 p.
645 2459 726 2502 274,
756 2461 814 2494 10:
854 2457 905 2492 Et
941 2456 1246 2492 circumvolitant
1272 2455 1466 2500 ficetulae,
1499 2452 1626 2497 ται-αἰ,
1656 2463 1721 2489 cu-

238 2529 336 2564 ratis
368 2528 487 2571 sucis,
530 2524 599 2563 ubi
637 2524 778 2563 itidem
811 2527 1007 2573 ficetulae,
1038 2537 1118 2561 non
1144 2525 1332 2571 ficedulae
1360 2516 1473 2570 lib‘ri‚
1512 2526 1556 2568 ut
1584 2526 1720 2560 nostro

237 2597 328 2634 loco
361 2600 401 2634 et
428 2609 468 2647 p.
501 2601 615 2642 91‚,1
656 2597 929 2644 querquetulae
968 2593 1009 2631 in
1046 2594 1240 2632 Varronis
1276 2592 1474 2632 versibus.
1533 2593 1721 2644 Denique

238 2681 319 2705 non
344 2666 520 2705 alienum
551 2664 601 2704 ab
632 2665 709 2703 hoc
736 2665 840 2713 loco,
871 2664 979 2717 quod
1004 2664 1174 2703 Plautus
1205 2664 1246 2702 in
1277 2663 1427 2703 Casina
1455 2663 1477 2701 I
1506 2668 1540 2709 2,
1570 2668 1616 2703 60
1641 2668 1721 2700 tur·

239 2741 396 2776 detanos
450 2743 486 2775 et
528 2739 779 2785 ficedulenses
825 2735 962 2774 iocose
1011 2749 1035 2773 a
1068 2734 1195 2773 turdis
1236 2740 1276 2773 et
1320 2733 1504 2773 ficedulis
1550 2732 1718 2771 effinxit.

243 2810 432 2854 Turdam,
475 2806 581 2860 quod
629 2805 796 2846 Oehleri
840 2806 1053 2859 typotheta
1095 2805 1266 2844 mutavit
1304 2806 1345 2843 in
1389 2807 1561 2848 tardam,
1608 2807 1721 2841 recte

241 2878 489 2929 exemplaria
514 2878 657 2917 Nonii:
686 2882 726 2916 et
756 2877 814 2915 sic
844 2878 974 2917 Varro
1006 2877 1166 2928 saepius
1195 2876 1236 2914 in
1264 2874 1376 2914 libris
1409 2874 1458 2912 de
1486 2886 1531 2911 re
1558 2871 1717 2910 rustica.

242 2950 411 2986 Turdam
450 2948 642 2987 feminino
678 2948 844 2987 Persius
885 2947 986 2986 dixit
1018 2947 1079 2986 VI
1115 2951 1172 2986 24.
1231 2944 1288 2983 At
1318 2945 1446 2984 Varro
1487 2944 1576 2995 ipse
1604 2942 1718 2981 femi-
