1898 3236
214 245 290 284 134
695 251 697 253 ’
780 255 1120 290 οοΝιΕοΤΑΝΕΑ,

322 360 485 406 mihique
521 362 616 404 divi,
657 362 745 397 ctum
782 363 866 398 stilo
907 368 1036 400 nostro
1068 365 1207 410 papiri
1233 366 1346 401 inlevi
1375 366 1533 411 scapulo
1559 377 1690 403 novom

205 437 361 478 partum
385 431 583 477 poeticen,
616 450 671 455 —

208 518 519 570 Dittographiae
548 531 699 569 genus,
739 534 817 573 quo
848 522 972 569 nitor,
1015 522 1244 562 illustrandi
1273 525 1469 576 exemplis
1500 525 1595 564 alibi
1626 534 1719 565 oc-'

211 589 319 627 casio
349 588 552 627 obveniet.
593 589 641 626 In
674 589 797 628 Nonii
827 591 1015 631 lemmate
1046 593 1155 645 quod
1186 594 1375 633 scribitur
1402 608 1574 644 scapum,
1607 597 1690 649 opi-

208 659 424 706 nationem,
458 659 575 698 modo
609 666 786 699 ceterum
817 663 931 701 firma
961 664 1032 711 sit,
1062 664 1281 716 infringere
1311 667 1463 718 nequit.
1525 669 1692 716 Scapum

201 732 339 778 papiri
366 735 499 768 autem
526 730 644 782 quod>
663 732 790 771 Varro
823 733 919 771 dicit
948 747 1020 785 pro
1042 733 1182 773 charta
1206 735 1274 773 vel
1296 737 1459 787 pagina,
1489 737 1567 775 hoc
1586 738 1692 776 nove

210 799 326 847 dicit,
361 801 509 852 papyri
550 802 655 839 enim
689 815 835 855 scapus
874 805 942 856 qui
982 810 1167 851 vocetur,
1208 805 1249 842 in
1276 805 1422 856 vulgus
1452 812 1591 845 notum
1616 814 1690 846 est.

207 870 394 922 Denique
422 877 581 918 parcum
606 876 793 928 poeticon
812 873 921 926 quod
950 873 1048 913 di'cit
1077 874 1127 912 de
1155 876 1343 923 carmine,
1372 876 1596 917 illustratur
1615 880 1692 918 Pe-

209 940 327 978 tronii
357 940 461 987 loeo,
492 954 570 993 quo
602 942 699 994 quid
728 943 780 981 ad
814 944 1071 983 efficiendum
1097 950 1258 997 poetam
1289 947 1562 999 requireretur
1591 948 1691 987 indi-

209 1009 337 1056 cavit,
371 1010 455 1049 Sat.
489 1018 557 1052 118
585 1026 625 1064 p.
652 1018 721 1054 706
748 1014 905 1052 Burm.:
937 1021 1104 1053 ceterum
1135 1028 1255 1064 neque
1284 1019 1506 1065 ρεπεν-σεῖον
1534 1021 1694 1066 spiritus

209 1074 411 1119 vanitatem
451 1087 572 1128 amat,
617 1095 738 1132 neque
775 1088 975 1133 concipere
1007 1093 1073 1124 aut
1103 1089 1215 1124 edere
1239 1092 1398 1143 partum
1425 1098 1529 1124 mens
1557 1076 1692 1135 potest,

206 1153 281 1189 nisi
309 1154 453 1200 inqenti
477 1154 632 1199 flumine
659 1155 875 1192 litterarum
900 1159 1098 1195 inundata.

320 1233 396 1271 His
438 1232 592 1272 duobus
622 1235 858 1285 fragmentis
890 1237 999 1289 quod
1029 1237 1096 1276 III
1126 1237 1323 1287 adhmgo,
1355 1237 1397 1275 id
1428 1230 1507 1289 qua
1538 1239 1693 1277 ratione

212 1303 376 1348 faciam,
417 1303 584 1354 patefiet
621 1317 709 1343 cum
752 1306 1003 1345 emendatius
1043 1306 1168 1346 verba
1213 1308 1427 1359 scripsero,
1489 1309 1556 1348 Sic
1588 1309 1694 1347 enim

206 1374 327 1412 Nonii
360 1373 521 1412 codices
548 1388 586 1426 p.
613 1382 692 1422 543,
727 1382 787 1416 14:
837 1378 1046 1416 Vulcanum
1075 1391 1143 1417 nec
1173 1392 1256 1417 cum
1289 1391 1381 1417 nove
1414 1382 1570 1427 layoene
1599 1382 1691 1417 olla-

207 1459 292 1484 rum
318 1448 449 1495 fiqura
483 1451 542 1483 ter
573 1452 799 1492 precantur.
840 1460 958 1486 novae
988 1454 1099 1487 recte
1133 1448 1352 1495 editiones,
1394 1454 1556 1499 praeter
1585 1450 1691 1500 prin-

208 1516 351 1570 cipem,
382 1516 423 1553 in
451 1528 530 1567 qua
559 1521 620 1553 est
651 1527 795 1554 novem.
831 1518 1054 1557 Praeterea
1083 1533 1155 1571 pro
1187 1522 1315 1568 fiyura
1343 1525 1400 1556 ter
1430 1525 1490 1557 est
1512 1520 1553 1557 in
1572 1519 1690 1557 Bam-

206 1586 395 1636 bergensi
429 1588 641 1634 figurator,
682 1587 721 1624 in
759 1587 945 1626 Palatino
973 1592 1196 1639 fiyurantur
1223 1596 1292 1627 ter.
1354 1590 1388 1627 E
1420 1587 1692 1639 superioribus

207 1669 323 1695 nemo
355 1655 462 1708 quod
495 1656 621 1694 sciam
652 1657 862 1708 probabile
893 1659 989 1711 quid
1021 1661 1288 1712 excogitavit,
1321 1667 1361 1697 et
1390 1658 1557 1698 Oehleri
1588 1672 1690 1698 com·

207 1732 403 1766 mentum:
444 1728 652 1764 Vulcanum
683 1740 811 1766 eccum
843 1741 961 1767 novae
992 1732 1014 1767 l
1048 1744 1079 1767 o.
1108 1733 1238 1779 fiyura
1269 1737 1327 1768 ter
1352 1744 1394 1778 p.
1426 1734 1494 1768 aut
1524 1743 1604 1767 non
1633 1729 1690 1766 in-

164 1788 357 1850 tellego
386 1803 455 1835 aut
479 1796 674 1836 absonum
703 1804 777 1836 est.
823 1799 1011 1850 Repono·

330 1889 607 1933 Vulcanumne‚
638 1901 722 1926 cum
755 1901 872 1927 novae
903 1892 1061 1938 layenae
1091 1894 1252 1928 ollarum
1277 1893 1406 1939 fiyura
1440 1889 1689 1940 {flnyuntur]‚

207 1964 265 1996 ter
289 1964 531 2006 precantur?

207 2049 286 2088 Pro
319 2050 527 2087 Vulcanum
550 2061 618 2087 nec
647 2063 731 2088 cum
761 2049 953 2088 librorum
973 2051 1115 2103 scripsi
1148 2053 1404 2090 Vulcanumne
1430 2063 1516 2088 cum
1543 2056 1583 2088 et
1609 2050 1689 2088 feei

207 2119 450 2158 sententiam
476 2119 828 2171 interrogativam:
857 2135 976 2160 novae
997 2124 1156 2170 layenae
1179 2135 1256 2173 quo
1275 2135 1388 2160 suum
1407 2121 1698 2160 nanciscerenae

207 2196 271 2227 tur
297 2189 589 2241 praedicatum,
619 2193 820 2239 finyuntur
843 2191 1006 2238 inserui,
1040 2191 1146 2244 quod
1173 2198 1213 2230 et
1233 2193 1292 2231 rei
1317 2205 1542 2242 congruens
1567 2197 1691 2240 estet

207 2260 313 2298 inter
345 2263 475 2309 fiyura
513 2266 571 2298 ter
608 2261 730 2299 facile
763 2260 1004 2300 intercidere
1039 2263 1179 2314 potuit.
1241 2265 1368 2322 Novas
1408 2265 1565 2311 layenas
1600 2264 1690 2299 olla-

207 2342 291 2367 rum
322 2333 451 2378 ftyura
490 2345 571 2369 non
601 2332 687 2369 sine
718 2331 803 2370 sale
834 2331 943 2379 dicit,
974 2332 1141 2383 lagenas
1172 2334 1251 2371 iam
1281 2335 1321 2371 in
1349 2333 1518 2372 ollarum
1550 2333 1689 2384 ampli-

206 2399 384 2438 tudinem
418 2402 591 2439 cessisse
630 2401 825 2440 indicans.
885 2403 978 2441 Non
1012 2404 1186 2442 alienum
1221 2404 1328 2455 quod
1369 2404 1419 2442 de
1456 2404 1594 2454 lingua
1628 2403 1688 2442 la-

206 2470 292 2509 tina
323 2471 388 2511 IX
418 2477 458 2510 21
494 2472 692 2522 queritur:
731 2485 855 2510 nonne
886 2477 1077 2512 inusitatis
1103 2476 1242 2523 formis
1273 2488 1450 2523 vasorum
1478 2475 1690 2513 recentibus

206 2553 259 2579 ex
294 2543 458 2579 Graecia
493 2543 620 2578 allatis
657 2543 894 2580 oblitteratae
931 2547 1111 2592 antiquae
1145 2548 1428 2584 consuetudinis
1458 2549 1628 2587 sinerum
1656 2553 1693 2599 et

203 2614 433 2661 capularum
464 2615 633 2660 species?
692 2612 918 2650 Vulcanum
955 2614 996 2651 in
1026 2614 1226 2664 fingendis
1261 2617 1370 2655 vasis
1413 2616 1571 2655 adorari
1610 2618 1688 2655 Ro-

207 2682 336 2720 manis
367 2676 529 2720 Solitum
556 2683 696 2729 fuisse,
728 2679 825 2719 mihi
855 2683 1019 2722 aliunde
1044 2699 1123 2723 non
1157 2692 1402 2737 compertum
1433 2694 1505 2726 est.
1554 2687 1690 2726 Utitur

207 2757 341 2790 autem
379 2752 455 2790 hoc
490 2753 674 2805 exemplo
702 2740 854 2801 Varro]
887 2767 964 2805 quo
997 2755 1104 2807 quod
1133 2756 1221 2807 ipse
1252 2758 1293 2795 in
1323 2758 1524 2809 poematio
1553 2756 1685 2808 aliquo

191 2820 325 2861 'deum
357 2823 526 2862 deamve
562 2822 790 2872 advocarit,
824 2838 847 2862 a
878 2825 1134 2865 cavillatione
1165 2827 1356 2866 vindicet.
1415 2827 1559 2865 Nonne
1588 2825 1685 2864 Vul-

207 2905 381 2941 canum,
404 2894 482 2941 ait,
516 2895 556 2932 in
580 2894 778 2945 fingendis
807 2895 898 2933 ollis
931 2896 1120 2935 invocare
1148 2896 1307 2935 solent?
1347 2895 1485 2948 quidni
1515 2895 1610 2933 mihi
1639 2895 1685 2934 li-
