1898 3236
273 227 351 268 180
834 238 1175 271 CONIECTANEA.

267 346 412 381 animos
427 343 587 393 scripsi:
619 342 711 380 libri
730 342 853 382 Nonii
872 358 912 396 p.
931 350 1011 393 480,
1030 350 1075 387 29
1095 348 1232 392 animo,
1258 344 1366 398 quod
1389 346 1589 386 Oehlerus
1608 346 1729 404 defen

270 413 330 452 dit
355 420 492 452 contra
511 413 758 462 Turnebum,
783 415 852 466 qui
872 415 913 454 in
935 414 1179 454 adversariis
1200 416 1260 455 IV
1277 422 1300 457 8
1323 415 1473 455 nummo
1495 417 1750 465 coniiciebat,

269 486 356 536 ipso
385 498 507 531 nexu,
541 498 618 537 quo
642 484 719 523 hoc
745 485 1012 538 fragmentum
1036 486 1132 526 olim
1153 487 1334 526 habitum
1353 488 1548 535 volumus,
1580 488 1751 526 reiecta-

268 569 398 594 neum.
455 556 515 593 De
546 570 665 595 versu
694 556 834 604 altero,
864 559 983 608 quem
1013 556 1136 609 vulgo
1165 563 1457 609 pentametrum
1486 564 1642 609 putant,
1669 565 1751 597 lan-

268 630 379 665 tidem
410 612 543 664 media
574 627 707 676 brevi,
747 627 832 667 dixi
866 641 904 679 p.
935 634 993 669 60.
1054 629 1221 668 Hiatum
1251 630 1380 681 possis
1415 635 1450 667 et
1480 634 1574 667 ante
1604 631 1748 667 Aristo-

266 700 349 734 telis
389 697 537 735 inserto
573 697 771 737 devitare.
839 705 947 737 curet
990 698 1101 751 (libri
1130 704 1258 750 curat)
1299 700 1515 739 Turnebus
1553 699 1749 739 correxit:

266 767 434 807 Oehleri
479 781 611 818 nugae
648 768 866 808 videantur
904 769 1010 821 apud
1046 771 1187 821 ipsum.
1249 774 1427 809 tantidem
1470 783 1558 808 cum
1589 770 1751 822 proprie

267 840 319 877 sit
356 842 482 877 eodem
516 842 662 886 pretio,
698 840 773 878 hoc
804 839 891 878 loco
927 839 1134 878 commoda
1160 854 1238 895 nec
1268 841 1514 880 nostratibus
1545 841 1758 891 incognita,

266 910 530 957 translatione
561 911 759 962 accipitur
790 922 910 959 aeque
935 912 1071 959 facile,
1111 914 1214 950 bene.
1275 915 1487 950 Aristotelis
1518 926 1660 951 nomen
1692 913 1750 951 in—

268 986 351 1019 star
385 981 559 1019 omnium
594 981 921 1034 philosophorum
957 987 1037 1019 est:
1078 981 1129 1019 de
1171 996 1249 1035 quo
1281 996 1374 1030 usu,
1410 984 1478 1034 qui
1505 983 1679 1021 Varroni
1710 984 1749 1021 in

269 1050 438 1099 deliciis,
471 1052 586 1103 attigi
614 1051 813 1104 quaedam
845 1066 885 1103 p.
910 1059 966 1093 31.
995 1070 998 1071 ⁷

379 1133 486 1183 Ergo
532 1132 584 1171 ad
629 1132 925 1184 philosophiam
968 1134 1037 1171 ubi
1081 1133 1131 1171 cle
1161 1135 1382 1185 animorum
1414 1147 1508 1172 cura
1538 1135 1751 1185 ablegatur

267 1203 460 1249 furiosus,
498 1201 717 1240 latissimus
756 1203 990 1254 disputandi
1033 1203 1440 1257 philosophorumque
1479 1206 1653 1258 ineptias
1684 1220 1749 1244 ca-

267 1272 439 1311 villandi
480 1286 643 1323 campus
683 1274 875 1324 aperitur.
938 1274 1109 1314 Videtur
1139 1274 1213 1312 hoc
1243 1274 1332 1312 loco
1364 1276 1490 1314 Varro
1524 1290 1574 1315 ex
1606 1279 1750 1330 quovis
1809 1286 1822 1297 ⁴

265 1343 593 1394 philosophatum
634 1345 835 1383 rationum
873 1359 1023 1396 genere
1055 1345 1277 1397 specimina
1306 1359 1501 1395 nugarum
1536 1347 1750 1399 delegisse,

267 1426 510 1464 quamquam
549 1415 663 1453 nobis
705 1428 756 1452 ex
797 1429 846 1454 eo
882 1428 1074 1464 recensu,
1114 1416 1178 1455 cui
1211 1416 1362 1454 similes
1401 1418 1500 1456 fecit
1531 1432 1619 1456 cum
1652 1420 1749 1458 alibi

267 1490 349 1522 tum
381 1485 421 1521 in
451 1484 759 1538 Icaromenippo
790 1500 823 1524 c.
853 1492 875 1527 6
904 1500 993 1538 sqq.
1022 1487 1239 1536 Lucianus,
1271 1488 1433 1526 nonnisi
1463 1501 1513 1526 ea
1543 1502 1647 1541 quae
1668 1489 1748 1542 Py-

265 1555 487 1606 thagoram,
516 1555 820 1607 Empedoclem,
852 1557 1056 1607 Zenonem
1085 1557 1323 1606 attinebant,
1355 1557 1519 1596 residua
1549 1565 1655 1597 sunt.

379 1656 481 1694 XIV
511 1656 593 1706 (22)
629 1658 727 1702 Quid
753 1661 932 1696 dubitatis
960 1665 1087 1696 utrum
1118 1671 1220 1696 nunc
1250 1661 1332 1696 sitis
1359 1661 1614 1707 cercopitheci

628 1731 688 1766 An
714 1731 893 1774 colubrae
925 1743 974 1766 an
1007 1731 1134 1766 volvae
1164 1732 1209 1766 de
1240 1731 1374 1767 Albuci
1395 1731 1511 1767 subus
1541 1732 1721 1772 Athenis?

378 1829 458 1867 XV
492 1828 571 1880 (25)
634 1860 640 1867 .
664 1831 913 1878 Empedocles
937 1830 1047 1868 ncllos
1068 1832 1236 1868 homines
1257 1831 1310 1867 ἐκ·
1329 1837 1436 1868 terra
1458 1834 1511 1869 ait
1533 1832 1592 1870 ulz'
1607 1834 1746 1871 blitum.

380 1931 482 1969 XVI
513 1930 595 1980 (25)
1060 1930 1064 1933 ’
1250 1933 1313 1968 z'cbi
1338 1934 1491 1969 dicutur
1516 1934 1671 1980 primus

626 2003 753 2039 Zeno'n
792 2015 925 2040 novum
966 2002 1154 2039 haeresim
1187 2015 1279 2039 novo
1305 2003 1458 2049 paxillo
1489 2002 1766 2049 suspendisse..

266 2103 330 2140 Fr.
369 2102 471 2140 XIV
508 2103 855 2156 Pythagoreorum
894 2103 1259 2156 metempsychosin
1300 2103 1519 2155 perstringi
1547 2102 1745 2141 neminem

264 2173 386 2222 fugit:
436 2173 544 2211 unde
579 2179 711 2212 tamen
756 2174 979 2212 Varronem
1015 2174 1172 2212 omnino
1211 2187 1234 2211 a
1267 2173 1526 2224 Pythagorae
1566 2172 1748 2212 doctrina

264 2243 518 2281 abhorruisse
550 2258 628 2281 non
660 2244 786 2294 magis
818 2245 952 2295 colligi
985 2245 1118 2293 debet,
1149 2257 1269 2296 quam
1299 2243 1393 2282 inde
1426 2243 1531 2296 quod
1563 2244 1611 2282 fr.
1644 2244 1748 2283 XVI

263 2326 314 2350 ne
339 2313 493 2350 Zenoni
517 2313 679 2364 quidem
703 2316 899 2366 pepercit,
923 2316 958 2353 ei
982 2315 1135 2354 nullam
1156 2315 1280 2358 fnisse
1304 2328 1393 2353 cum
1413 2315 1551 2354 stoicis
1572 2315 1744 2353 affinita-

265 2388 358 2420 tem.
420 2384 615 2421 Musicum
643 2385 901 2437 Pythagorae
930 2391 1107 2438 systema
1130 2386 1265 2436 tetigit
1295 2386 1334 2423 in
1366 2389 1457 2422 ONwl
1484 2386 1745 2424 ΛγΡΑομνίἁθ

264 2466 303 2503 p.
334 2461 388 2500 15,
420 2459 460 2491 et
490 2454 528 2491 in
557 2453 647 2490 aliis
674 2467 835 2505 quoque
863 2461 1045 2493 secutum
1067 2456 1350 2507 Pythagoreos
1378 2468 1479 2503 esse,
1512 2469 1562 2495 ex
1588 2457 1646 2495 eis
1676 2470 1744 2507 ap-

263 2529 398 2574 paret,
443 2537 548 2575 quae
586 2524 638 2562 M.
678 2523 871 2561 Hertzius
911 2523 1133 2575 disputavit
1167 2524 1217 2563 de
1248 2524 1413 2575 Nigidio
1440 2525 1588 2577 Figulo
1617 2538 1656 2576 p.
1687 2530 1744 2563 24.

265 2592 325 2632 Of.
366 2593 568 2632 Krahneri
607 2593 656 2632 de
693 2592 947 2646 philosophia
987 2594 1176 2632 Varronis
1210 2607 1249 2645 p.
1289 2601 1334 2635 22
1363 2609 1423 2647 sq.
1483 2596 1627 2634 Finem
1659 2594 1745 2633 eius

262 2663 476 2714 fragmenti
512 2665 691 2714 graviter
735 2663 999 2716 depravatum
1039 2664 1204 2704 tradunt
1236 2665 1360 2704 Nonii
1402 2666 1564 2704 codices
1595 2679 1633 2716 p.
1664 2670 1744 2712 201,

261 2740 325 2774 ⁶25:
375 2748 425 2772 an
462 2737 591 2773 belvae
635 2748 684 2773 an
723 2738 769 2773 de
807 2738 893 2774 albu
931 2738 1037 2783 cibus
1073 2738 1181 2775 labus
1216 2738 1391 2783 Athenis,
1438 2750 1541 2789 quae
1579 2736 1745 2786 egregia

264 2806 494 2843 coniectura
521 2806 691 2843 Rothius
725 2806 919 2844 restituit:
956 2821 1004 2844 an
1037 2810 1163 2845 volvae
1191 2810 1236 2844 cle
1266 2794 1400 2845 Albuci
1423 2809 1540 2844 subus
1566 2808 1743 2844 Athenis:

261 2889 380 2927 quam
411 2889 498 2914 cum
523 2877 756 2928 ceteroquin
778 2876 965 2929 probaret
991 2876 1203 2923 Oehlcrus,
1231 2877 1423 2928 praetulit
1445 2883 1576 2915 tamen
1599 2879 1742 2922 beluae,
