1898 3236
1206 230 1227 237 ᾳ

747 253 1074 287 οοΝιΕΟΤΑΝΕΑ
1082 276 1092 286 .
1244 267 1246 269 -
1589 248 1603 286 1
1615 245 1668 286 59

179 361 357 410 tessulis,
387 366 472 399 tum
491 361 651 414 pictura
680 360 788 400 orbis
814 366 948 400 terrae
977 356 1192 400 exornata:
1227 361 1286 399 316
1317 361 1423 399 6111111
1450 360 1668 411 legendum

179 435 290 470 radio
321 433 517 482 pingens?
575 433 728 472 Parum
746 426 956 484 ’prospere
989 431 1049 470 iHi
1091 430 1334 470 emendandi
1373 445 1499 484 opera
1532 433 1669 481 cessit,

180 516 424 556 quamquam
460 501 682 541 Oehlerum
718 516 800 541 non
834 501 959 542 valde
988 501 1126 541 decuit
1155 516 1204 541 ea
1235 508 1462 541 commenta
1489 502 1666 541 insolen-

178 575 257 614 tius
297 574 495 614 deridere.
560 574 603 613 Is
654 574 760 613 enim
799 586 889 612 cum
927 573 1030 612 haec
1063 573 1105 611 in
1143 578 1258 612 textu
1290 573 1558 613 confidentius
1597 586 1666 612 ex-

179 645 419 697 pressisset:
445 642 716 699 Περιχονδριᾷ
736 646 830 683 mihi
843 645 971 694 facies
991 648 1247 684 maeandrum
1268 651 1382 694 atque
1404 638 1666 691 vermiculata,

179 722 292 765 aeque
328 718 441 754 eliam
481 718 576 755 adeo
610 719 747 767 pinqes
775 717 902 755 orbem
933 722 1082 762 terrae,
1117 706 1224 754 hanc
1252 715 1333 754 illis
1365 716 1669 755 adnotationem

178 786 370 826 subiecit:
403 786 713 838 ‘Corrigendum
744 793 832 826 erat
859 784 1126 842 τι;.εριχονὸριᾷχ
1146 788 1240 825 mihi
1269 788 1407 836 facies.
1464 771 1669 837 Χονδριἇν

179 863 242 895 est
268 857 460 909 polentae
488 857 556 897 vel
585 858 716 897 alicae
746 858 1003 910 globulorum
1031 858 1158 904 instar
1189 870 1293 905 esse,
1325 862 1366 896 et
1384 857 1534 897 festive
1553 871 1667 897 usur-

176 932 297 979 patur
333 927 383 966 de
420 928 527 966 facie
563 928 808 968 variolarum
850 927 1109 967 cicatricibus
1152 928 1301 978 insigni
1340 933 1408 967 aut
1437 930 1546 980 mgis
1576 943 1667 981 per-

178 997 356 1046 sulcata,
390 997 594 1051 planeque
631 1000 816 1040 similiter
849 999 1047 1039 eiusmodi
1076 999 1205 1038 facies
1235 998 1412 1039 solemus
1443 999 1579 1038 facete
1609 999 1667 1039 di·
1725 1047 1730 1049 Δ

178 1081 292 1107 cere:
333 1071 674 1119 Erbsenqesiehter
701 1070 770 1111 vel
802 1071 1205 1122 Graupenqesichter?
1268 1069 1458 1109 Ceterum
1478 1073 1619 1120 pinyes
1645 1084 1668 1109 e

176 1139 389 1178 verissima
408 1140 548 1180 Rothii
578 1142 861 1182 emendatione
892 1142 1060 1181 ascivit:
1095 1148 1210 1191 alque
1236 1153 1352 1181 verm.
1383 1141 1666 1192 neglegentius

177 1209 317 1248 scribit
332 1223 404 1262 pro
423 1217 459 1250 et
482 1224 597 1251 verm.
633 1214 836 1267 Denique,
859 1227 938 1266 quo
955 1214 1091 1252 statim
1108 1213 1304 1265 placaret,
1327 1212 1362 1251 si
1380 1212 1491 1251 cuius
1511 1212 1668 1250 animus

177 1280 358 1319 nonnihil
389 1280 440 1319 de
467 1295 590 1322 sensu
612 1283 828 1325 verborum
850 1284 1048 1330 sollicitus
1070 1290 1194 1333 esset,
1221 1283 1414 1324 subiecit:
1447 1284 1669 1322 esententia

176 1350 394 1401 fragmenti
421 1351 545 1404 plana
573 1356 664 1393 est!
723 1354 781 1393 At
809 1354 934 1404 haec,
970 1354 1080 1408 ⁴quae
1108 1367 1160 1394 ne
1186 1367 1288 1393 sana
1315 1354 1480 1407 quidem
1509 1361 1550 1394 et
1580 1356 1669 1394 sani

175 1422 347 1462 hominis
389 1437 480 1478 esse
517 1425 826 1477 intellegebam,
865 1426 1003 1465 nescio
1040 1439 1161 1479 quam
1190 1425 1288 1464 mihi
1315 1425 1466 1465 bardus
1499 1431 1540 1465 et
1572 1425 1668 1464 insi-

176 1494 296 1546 pidus
334 1496 447 1535 visus
490 1497 584 1546 sim,
621 1511 711 1536 cum
740 1497 843 1536 adeo
873 1498 1032 1537 laudari
1060 1498 1129 1538 vel
1148 1503 1207 1537 ‘ea
1229 1502 1385 1536 tantum
1415 1497 1571 1536 ratione
1605 1510 1668 1536 re—

175 1564 264 1604 felli
290 1565 485 1615 viderem,
517 1567 627 1620 quod
656 1568 833 1608 nondum
863 1569 1073 1610 inventum
1104 1574 1215 1608 esset
1242 1567 1359 1609 verbi
1383 1565 1667 1620 περιχονδριᾶν

178 1637 425 1690 exemplum:
452 1637 560 1691 quod
587 1639 771 1691 quidem,
804 1641 838 1679 si
863 1641 1026 1679 unicum
1056 1639 1238 1680 obstaret
1262 1639 1368 1688 illis,
1402 1638 1668 1677 concederem

177 1708 371 1758 Van-oni,
402 1714 447 1747 ut
474 1722 563 1748 cum
591 1709 782 1763 χονδριᾶν
812 1710 1044 1762 haberetur,
1071 1708 1354 1763 περιχονδριᾶν
1382 1723 1454 1749 3110
1484 1710 1668 1762 periculo

178 1778 404 1829 effingeret.
464 1779 574 1819 Usus
601 1787 663 1821 est
692 1795 741 1821 eo
771 1787 1008 1833 argumento
1038 1781 1317 1829 Mercklinus,
1349 1781 1439 1833 qui,
1481 1794 1572 1820 cum
1601 1780 1670 1835 vel

178 1850 267 1889 sine
291 1863 340 1889 ea
369 1863 473 1890 voce
501 1853 626 1905 plana
655 1867 747 1893 esse
777 1853 906 1893 verba.
932 1852 1215 1902 arbitraretur,
1255 1859 1420 1905 propter
1446 1853 1669 1906 praefixam

176 1934 268 1974 περι
302 1922 509 1972 voculam,
553 1924 893 1977 quemadmodum
924 1924 1020 1963 olim
1052 1925 1240 1976 Scaliger
1271 1930 1311 1962 et
1339 1924 1569 1971 Mercerus,
1608 1925 1668 1962 in-

177 1993 438 2045 scriptionem
463 1994 635 2035 alteram
659 2002 853 2045 sectatus,
883 1996 1065 2049 reposuit
1093 1995 1149 2044 id,
1177 1995 1286 2048 quod
1315 2007 1393 2051 nec
1413 1995 1559 2034 litteris
1584 1995 1668 2034 ullo

176 2064 294 2103 modo
336 2065 526 2104 convenit
565 2080 642 2106 nec
686 2067 903 2121 quicquam
941 2065 1134 2120 praesidii
1174 2078 1196 2104 6
1234 2066 1470 2116 fragmentis
1508 2067 1668 2105 nancis-

178 2135 294 2184 citur,
325 2132 418 2187 περὶ
437 2134 732 2187 σπουδαρχιῶν.
777 2140 888 2189 Ergo
917 2136 1051 2176 missis
1081 2137 1169 2175 istis
1201 2136 1333 2175 denuo
1363 2134 1669 2188 proficiscamur

178 2221 203 2245 a
235 2206 371 2245 libris:
417 2207 460 2245 in
487 2219 656 2259 quorum
681 2209 876 2247 memoria
900 2207 1134 2255 verissime,
1166 2208 1224 2246 uti
1255 2207 1352 2256 dixi,
1380 2207 1554 2246 Rothius
1583 2211 1669 2257 pin-

176 2290 243 2328 yes
271 2279 452 2331 reposuit
476 2291 548 2329 pro
579 2281 696 2328 inyes.
755 2279 878 2319 Unde
906 2279 1000 2318 ilico
1032 2279 1327 2318 consectarium
1355 2279 1413 2326 fit,
1437 2279 1564 2327 facies
1589 2292 1670 2317 non

180 2364 271 2390 esse
310 2363 479 2398 nomen,
525 2347 599 2386 sed
643 2350 759 2389 verbi
798 2352 967 2390 sormam
1006 2363 1112 2404 quae
1151 2349 1211 2388 illi
1247 2348 1514 2402 respondeat:
1561 2349 1670 2403 quod

179 2434 260 2459 non
286 2419 665 2474 1111108631186111111
692 2422 868 2474 fugisse,
902 2422 976 2462 sed
1010 2421 1114 2473 fugit
1144 2434 1235 2459 cum
1265 2421 1461 2474 Popmam
1482 2428 1566 2460 tum
1585 2436 1666 2461 me-

178 2490 364 2530 morabili
393 2490 677 2541 alucinatione,
708 2506 798 2532 cum
820 2497 956 2544 pinqes
984 2491 1223 2545 probasset,
1256 2490 1478 2532 Oehlerum
1510 2499 1551 2531 et
1582 2493 1668 2546 qui-

178 2561 253 2600 bus
291 2561 361 2600 ille
397 2562 599 2614 imposuit.
660 2563 799 2616 Quare
829 2567 1084 2602 maeandrum
1119 2570 1155 2602 et
1193 2566 1443 2602 vermiculala
1477 2568 1571 2602 sunt
1601 2577 1667 2602 ac-

181 2634 353 2672 cusativi
380 2634 580 2673 neutrius:
611 2647 716 2687 quae
744 2635 808 2674 cui
834 2634 985 2673 nomini
1011 2634 1307 2683 adhaeserunt,
1338 2634 1380 2673 id
1406 2635 1537 2687 ipsum
1569 2634 1668 2673 deli-

179 2711 337 2744 tescere
377 2705 418 2742 in
452 2706 610 2756 graecis
648 2705 736 2744 istis
770 2718 1091 2756 περιεχονταριαν
1130 2704 1309 2744 confido:
1353 2704 1462 2743 unde
1498 2705 1670 2756 primum

180 2789 254 2814 sua
284 2781 428 2827 sponte
457 2777 627 2827 emergit
655 2773 903 2827 περιέχοντα,
936 2790 1015 2828 qua
1043 2789 1146 2815 voce
1178 2776 1368 2814 circuitus
1401 2775 1666 2826 significatur,

181 2860 260 2898 quo
295 2846 368 2886 illa
397 2847 536 2885 nescio
575 2860 678 2899 quae
715 2849 970 2885 maeandrum
1006 2853 1043 2885 ec
1079 2849 1328 2885 vermiculata
1359 2846 1513 2884 institui
1545 2845 1668 2885 debe-

181 2917 293 2956 bant.
353 2918 416 2956 Ac
451 2917 716 2957 maeandrata
755 2923 796 2955 et
826 2917 1092 2956 vermiculata
1126 2931 1225 2979 611111
1241 2918 1357 2969 plura
1390 2915 1469 2954 diei
1499 2917 1668 2968 possint,
