1898 3236
894 903 1002 986 vn

317 1079 520 1131 Menippi,
555 1079 691 1131 cynici
722 1078 996 1128 Gadarensis,
1044 1092 1166 1132 quem
1193 1080 1324 1119 Varro
1358 1080 1536 1119 imitatus
1566 1081 1696 1132 magis

204 1164 325 1203 quam
357 1156 518 1188 secutus
548 1149 707 1199 dicitur,
741 1164 830 1189 cum
857 1152 939 1191 alia
966 1150 1111 1189 harum
1139 1155 1364 1202 saturarum
1384 1154 1569 1203 vestigia
1595 1153 1695 1191 satis

203 1221 328 1260 multa
351 1220 608 1270 admoneant,
638 1226 723 1260 tum
744 1222 917 1261 maxime
941 1236 1004 1271 ea,
1028 1222 1092 1261 cui
1114 1222 1244 1261 Varro
1265 1222 1370 1261 hanc
1391 1223 1695 1275 inscriptionem

731 1323 870 1356 ΤΑΦΗ
898 1323 1167 1374 ΜΕῌῙΠΠΟΥ

201 1414 408 1466 praefixit,
444 1419 489 1452 ut
526 1427 600 1467 per
639 1414 818 1455 indicum
846 1406 1190 1458 Varronianorum
1227 1419 1405 1457 rationes
1437 1419 1569 1471 ipsum
1606 1419 1692 1457 eius

202 1486 336 1538 cynici
381 1485 576 1524 tumulum
617 1486 829 1538 probabile
867 1490 920 1528 sit
960 1489 1152 1542 colloquii
1189 1496 1229 1529 et
1266 1490 1549 1542 disputationis
1588 1503 1692 1542 quae

201 1556 277 1594 fuit
306 1557 347 1594 in
371 1555 450 1594 hac
480 1562 618 1595 satura
647 1559 902 1597 occasionem
929 1559 1107 1600 dedisse.
1166 1561 1313 1613 Itaque
1340 1561 1470 1600 Varro
1501 1560 1589 1613 ipse
1613 1560 1691 1599 hoc

201 1641 317 1666 suum
353 1627 591 1680 opusculum
627 1633 835 1681 tamquam
868 1625 1078 1681 ἐπιτάφιον
1105 1623 1265 1683 aydam,
1298 1632 1340 1669 in
1369 1631 1552 1683 Menippi
1581 1631 1691 1669 haud

201 1697 321 1738 dubie
350 1698 544 1737 honorem
577 1698 838 1750 celebratum,
868 1702 1073 1753 significat
1095 1702 1146 1740 fr.
1173 1703 1224 1742 V.
1273 1701 1358 1741 Sed
1376 1714 1454 1740 nec
1480 1714 1571 1740 eum
1592 1715 1689 1754 quo-

200 1769 318 1808 modo
356 1770 485 1809 Varro
521 1772 746 1822 peregerit,
801 1786 823 1810 e
862 1774 1046 1826 reliquiis
1084 1773 1318 1825 dispicitur,
1364 1784 1441 1810 nec
1479 1763 1689 1810 materiam

150 1867 157 1870 -
200 1855 320 1893 quam
363 1840 610 1893 disceptavit
652 1842 781 1895 ipsam
827 1845 910 1882 suis
949 1843 1191 1897 quibusdam
1226 1843 1408 1882 terminis
1441 1842 1689 1881 circumscri-

197 1911 295 1950 bere
329 1911 456 1953 licuit.
527 1911 778 1952 Mercklinus
809 1915 1003 1971 quidem,
1050 1913 1159 1968 quod
1194 1910 1284 1965 περὶ
1325 1906 1586 1965 σπουδάρχων
1621 1912 1691 1952 vel

197 1981 475 2035 σπουδαρχιῶν
511 1988 552 2021 ct
592 1996 683 2022 esse
721 1989 763 2022 et
790 1984 956 2025 inscribi
988 1985 1139 2025 debere
1169 1990 1346 2023 saturam
1378 1984 1571 2031 coniecit,
1612 1997 1689 2022 nec

196 2053 279 2091 ullo
310 2067 331 2092 e
362 2052 507 2104 viginti
537 2058 727 2106 quattuor
756 2055 994 2106 fragmentis
1026 2055 1255 2104 adiuvatur,
1287 2062 1327 2095 et
1347 2065 1512 2108 prorsus
1534 2054 1687 2102 fallaci,

197 2124 306 2176 quod
332 2125 440 2163 infra
466 2124 661 2176 probabo,
690 2124 842 2164 indicio
873 2126 985 2165 nisus
1017 2133 1092 2165 est.
1154 2128 1310 2179 Popma
1333 2132 1467 2165 autem
1489 2137 1579 2163 cum
1598 2138 1688 2163 eam

197 2200 374 2233 saturam
415 2194 466 2233 de
505 2200 708 2233 structura
736 2196 1063 2249 aediumregisse
1094 2199 1342 2251 suspicetur,
1381 2198 1446 2236 ‘in
1477 2209 1558 2248 qua
1586 2195 1688 2234 lauti

195 2264 378 2304 homines
409 2269 569 2316 sumptu
600 2270 641 2303 et
670 2267 972 2317 magnificent-ia
1005 2269 1167 2308 modum
1201 2268 1486 2317 excederent',
1531 2273 1688 2320 partem

195 2341 351 2374 tantum
391 2334 652 2386 reliquiarum
688 2338 989 2389 complectitur,
1034 2353 1156 2394 quam
1195 2339 1274 2379 dici
1306 2326 1447 2392 nequit
1485 2352 1582 2396 quo·
1600 2339 1687 2377 iure

194 2405 424 2458 primariam
467 2405 594 2444 fuisse
626 2418 808 2447 censeas.
871 2408 993 2449 Certe
1027 2411 1253 2453 Varronem
1282 2415 1446 2463 praeter
1474 2410 1586 2448 illam
1618 2423 1685 2448 ae-

194 2475 486 2515 dificandarum
528 2475 735 2517 domorum
772 2479 980 2519 licentiam
1017 2481 1139 2520 etiam
1183 2481 1392 2533 epularum
1430 2494 1478 2520 ac
1512 2482 1685 2528 vestitus

192 2548 446 2597 ingruentem
474 2547 672 2594 luxuriam
713 2550 896 2603 aliosque
934 2553 1171 2592 recentioris
1211 2553 1356 2592 aetatis
1389 2552 1538 2591 abusus
1569 2566 1682 2605 carp-

192 2610 322 2667 sisse²
368 2618 566 2671 reliquiae
605 2620 872 2671 persuadent:
920 2628 964 2660 ut
1002 2625 1135 2675 potius
1178 2625 1220 2663 in
1255 2624 1333 2662 hac
1363 2630 1501 2663 satura
1547 2637 1682 2676 quem-

192 2687 407 2726 admodum
443 2689 485 2727 in
530 2689 619 2728 aliis
652 2692 807 2730 variam
843 2693 954 2732 vitae
990 2694 1199 2734 Romanae
1239 2694 1573 2747 depravationem
1611 2707 1684 2745 per

191 2772 264 2797 sua
300 2772 454 2809 genera
490 2766 729 2811 persecutus
764 2762 964 2802 videatur.
1035 2765 1100 2805 Cf.
1140 2779 1243 2818 quae
1285 2765 1335 2804 de
1377 2769 1489 2801 Μουιο
1525 2764 1608 2803 dixi
1642 2778 1681 2816 p.

167 2835 246 2870 -33.
307 2828 391 2867 Sed
428 2830 519 2882 ipsa
559 2832 834 2871 examinemus
869 2817 1111 2884 fragmenta.
1177 2836 1315 2888 Atque
1356 2835 1512 2874 initium
1551 2835 1681 2874 Varro

190 2901 297 2951 cepit
328 2914 352 2938 a
374 2902 536 2952 tumulo
562 2903 760 2955 Menippi,
793 2917 912 2956 quem
937 2905 1001 2944 his
1026 2905 1211 2944 versibus
1244 2905 1451 2956 designat:

673 2968 680 2972 ’
1035 2972 1046 2980 ’
1325 2974 1409 3012 10*
