1898 3236
767 304 1111 336 conmo'mnm.
1261 326 1263 328 .
1607 298 1621 335 1
1632 293 1686 336 29

194 416 311 448 turae
347 409 595 461 praefigere,
644 423 726 462 qua
753 407 844 461 περὶ
873 402 997 460 ἀρχῆς
1026 423 1121 448 suos
1152 422 1388 460 expromere
1418 422 1561 448 sensus
1593 423 1687 448 con>-

195 482 394 520 stituerat.
437 481 528 520 Nec
553 481 824 533 Marciporem
846 482 1072 520 Romanum
1101 480 1177 519 sed
1196 480 1495 520 Varronianum
1523 494 1686 520 servum

195 551 401 602 designat,
446 552 490 590 in
529 564 610 603 qua
639 558 813 599 satura,·
839 551 874 590 si
902 565 925 590 e
956 538 1067 590 mero
1094 551 1211 590 titulo
1243 550 1295 589 de
1325 557 1562 602 argumento
1590 565 1684 590 con-

193 622 388 660 iecturam
426 622 566 660 facere
605 621 703 661 licet
743 621 854 674 (nam
891 635 914 662 e
953 622 1136 676 reliquiis
1173 620 1275 660 nihil
1305 621 1403 659 mihi
1430 622 1569 673 paullo
1597 636 1683 661 cer-

193 692 272 731 tius
312 692 514 744 dispicere
544 693 752 746 contigit),
794 702 958 732 servum
987 707 1009 732 e
1039 706 1150 732 more
1181 692 1370 745 antiquo,
1405 705 1526 744 quem
1554 693 1684 732 Varro

192 776 486 815 usquequaque
515 764 794 816 praedicabat,
827 763 1029 816 depinxit:
1061 764 1103 803 id
1134 764 1245 817 quod
1274 764 1440 815 antiquo
1473 766 1582 802 servi
1610 778 1683 803 no—

194 833 300 871 minc
327 833 549 884 significat,
587 849 695 889 quae
721 836 884 874 nomina
913 835 996 874 iam
1023 835 1176 874 abolita
1207 847 1299 874 esse
1324 835 1504 888 queritur
1533 835 1584 874 de
1610 836 1685 874 lin—

194 917 274 954 gua
302 904 431 943 latina
458 906 526 944 IX
554 913 621 947 22:
659 908 805 953 Quotus
833 910 994 956 quisque
1031 910 1108 945 iam
1143 918 1276 945 servos
1304 908 1416 944 habet
1442 909 1587 955 priscis
1619 921 1686 945 no·

194 978 381 1014 minibus?
412 976 575 1028 ‘Itaque
606 977 728 1016 etiam
756 978 990 1016 Bimarcum
1020 982 1150 1017 semet
1173 978 1307 1028 ipsum
1337 978 1468 1018 Varro
1500 979 1684 1030 appella-

194 1047 273 1093 vit,
318 1046 472 1098 pariter
515 1054 638 1101 atque
673 1049 714 1088 in
741 1053 967 1093 Snsounuuxs
996 1049 1131 1089 Ulixis
1166 1050 1343 1100 persona
1372 1049 1555 1089 indutum
1583 1051 1685 1090 Var-

194 1118 333 1172 ronein
363 1118 618 1169 agnovimus.
655 1120 745 1159 Nec
771 1135 869 1160 vero
897 1121 1021 1160 debet
1047 1120 1238 1159 minutius
1268 1122 1424 1172 quaeri,
1455 1135 1576 1174 quam
1602 1123 1685 1161 vim

194 1194 238 1242 et
263 1189 462 1228 rationem
487 1190 560 1228 illa
589 1189 806 1243 duplicitas
841 1192 1010 1232 habeat:
1049 1192 1235 1231 nimirum
1265 1191 1444 1230 dandum
1474 1200 1536 1231 est
1564 1194 1606 1232 in
1636 1207 1686 1232 ea

194 1271 237 1296 re
268 1259 423 1311 aliquid
449 1261 617 1314 ioco-ac
646 1262 775 1315 lepori
805 1263 1013 1303 Varronis.
1066 1262 1324 1315 Quamquam
1348 1270 1392 1301 ut
1420 1277 1502 1302 non
1531 1271 1685 1304 temere

194 1329 506 1382 sesquialterum
534 1333 668 1384 potius
697 1347 819 1387 quam
850 1335 1023 1374 alterum
1043 1333 1210 1373 Ulixem
1237 1334 1407 1382 effinxit,
1438 1334 1496 1373 ita
1519 1335 1685 1374 definito

193 1399 310 1438 huius
347 1407 510 1441 saturae
541 1411 776 1454 argumento
805 1406 1018 1459 apparebit
1046 1419 1127 1444 non
1153 1406 1241 1444 sine
1270 1407 1428 1444 ratione
1458 1405 1685 1445 Varronem

194 1483 239 1508 se
269 1477 364 1509 tunc
391 1471 595 1525 duplicem
624 1476 808 1516 Marcum
834 1490 924 1516 esse
954 1476 1146 1527 voluisse.

306 1542 602 1594 Argumentum
646 1554 808 1588 saturae
850 1561 941 1587 cum
984 1547 1055 1586 alii
1094 1547 1212 1586 aliter
1248 1547 1529 1596 definiverint,
1574 1548 1685 1602 quod

193 1612 404 1663 probabile
441 1616 494 1654 sit
528 1630 647 1657 nemo
678 1624 890 1659 assecutus
915 1617 1087 1656 videtur.
1132 1619 1190 1658 Ut
1211 1619 1367 1657 mittam
1395 1619 1568 1657 aliorum
1591 1632 1684 1658 sen-

192 1684 361 1738 tentias,
391 1685 601 1726 Mercerus
634 1702 724 1729 eam
761 1696 803 1729 et
831 1703 922 1729 esse
953 1694 995 1727 et
1023 1688 1191 1728 inscribi
1227 1689 1378 1728 debere
1408 1687 1498 1742 περὶ
1528 1685 1685 1742 τρόπων

192 1754 234 1793 in
262 1755 395 1795 Nonio
425 1770 498 1796 suo
528 1759 775 1815 significavit
802 1776 843 1814 p.
869 1767 950 1808 530,
979 1766 1038 1800 21.
1085 1759 1151 1799 Ibi
1181 1760 1287 1799 enim
1318 1773 1410 1799 cum
1431 1761 1684 1800 Basilienses

194 1839 215 1864 e
243 1826 326 1865 suis
358 1828 484 1880 copiis
514 1829 572 1868 ita
599 1831 782 1870 tradant:
813 1836 1010 1882 neyativas
1032 1831 1132 1870 duas'
1153 1835 1368 1881 neyativam
1388 1834 1683 1881 siynificantiam

192 1901 286 1936 nobe
322 1901 485 1947 habere,
546 1903 672 1941 Varro
717 1903 914 1942 Vimarco:
957 1896 1137 1954 (τρόπων
1170 1897 1339 1955 τρόπους
1375 1907 1443 1953 qui
1471 1918 1546 1942 non
1576 1907 1685 1943 modo

190 1969 413 2018 ignor-‹isse’
445 1985 480 2010 e.
513 1986 552 2025 q.
585 1987 640 2021 s.,
676 1974 906 2022 Mercerus,
945 1974 1083 2014 nescio
1115 1973 1390 2012 coniecturam
1419 1988 1471 2012 an
1501 1975 1684 2014 codicem

192 2045 377 2089 secutus,
421 2056 515 2080 nam
551 2043 593 2081 in
622 2043 882 2083 adnotatione
913 2045 1026 2094 silet,
1066 2046 1200 2084 locum
1227 2045 1286 2084 sic
1312 2046 1506 2098 scriptum
1536 2046 1681 2086 edidit:

193 2111 400 2159 Neyativas
446 2116 566 2152 duas'
594 2117 809 2163 negativam
853 2118 1150 2164 siqnificantiam
1194 2128 1288 2155 nove
1325 2106 1479 2156 habere.
1559 2121 1684 2157 Varro

201 2181 390 2228 Vinaarco,
418 2181 508 2235 περὶ
538 2179 718 2235 τρόπων.·
745 2187 756 2204 ‘
771 2186 878 2231 Quae
908 2199 983 2224 non
1003 2190 1113 2226 modo
1135 2189 1351 2236 iynorasse'
1383 2201 1420 2227 e.
1441 2203 1481 2241 q.
1502 2203 1536 2228 s.
1575 2190 1683 2229 Mer-

193 2264 329 2290 cerum
359 2261 524 2293 secutus
553 2260 616 2292 est
645 2255 821 2307 Popma,
859 2255 1073 2308 eidemque
1102 2258 1328 2310 sententiae
1357 2272 1489 2311 nuper
1521 2260 1683 2299 Merck-

192 2321 299 2360 linus
330 2323 588 2376 subscripsit:
627 2325 794 2373 iniuria,
831 2326 866 2363 si
894 2326 992 2379 quid
1018 2327 1176 2377 iudico,
1210 2331 1332 2370 etiam
1362 2331 1397 2370 si
1423 2330 1538 2379 illud,
1568 2331 1683 2386 'quod

192 2405 273 2429 uon
302 2392 514 2444 probabile
542 2401 605 2434 est
631 2395 741 2444 mihi,
770 2396 812 2434 in
841 2396 983 2436 codice
1010 2398 1148 2451 aliquo
1168 2400 1377 2440 inventum
1398 2401 1533 2441 fuerit.
1576 2402 1683 2440 Nam

193 2474 283 2500 cum
313 2463 380 2502 vix
407 2464 602 2504 credibile
633 2465 704 2514 sit,
735 2466 913 2506 Nonium
944 2468 1031 2508 eius
1061 2474 1237 2520 saturae,
1271 2485 1393 2524 quam
1420 2472 1558 2510 tricies
1589 2472 1680 2511 sim-

191 2533 288 2585 plici
315 2534 494 2575 Bimarci
522 2537 682 2576 nomine
713 2536 866 2586 laudet,
897 2539 1025 2579 semel
1053 2539 1256 2593 duplicem
1285 2542 1590 2595 inscriptionem
1611 2556 1681 2595 ap-

190 2604 396 2654 posuisse,
435 2613 520 2645 tum
543 2608 855 2665 inconsiderate
884 2610 988 2650 haec
1017 2606 1177 2663 τρόπων
1207 2608 1376 2664 τρόπους
1405 2615 1551 2652 mutari
1577 2614 1683 2652 infra

193 2675 418 2726 apparebit.
479 2677 563 2716 Sed
599 2678 754 2718 licebat
781 2679 853 2729 eis,
883 2682 952 2734 qui
980 2679 1072 2734 περὶ
1101 2677 1260 2734 τρόπων
1288 2684 1394 2722 hanc
1423 2685 1590 2724 inscribi
1617 2699 1679 2724 sa-

191 2750 322 2782 turam
352 2746 579 2797 voluerunt,
607 2750 688 2789 alio
718 2756 758 2790 et
781 2751 947 2791 meliore
967 2753 1026 2791 uti
1045 2754 1289 2802 testimonio,
1319 2754 1428 2807 quod
1448 2755 1497 2793 fr.
1517 2762 1562 2795 14
1587 2769 1680 2807 sup-

190 2815 416 2867 peditatur:
448 2821 578 2858 ebrius
605 2833 656 2867 es,
687 2822 834 2869 Mance,
869 2824 1058 2872 Odyssian
1082 2827 1182 2862 enim
1213 2826 1375 2874 Homeri
1403 2829 1598 2863 ruminari
1623 2830 1682 2864 in-

188 2889 302 2934 cipis,
336 2900 421 2926 cum
453 2887 542 2941 περὶ
573 2884 730 2940 τρόπων
759 2895 996 2941 scripturum
1026 2901 1062 2932 te
1091 2898 1170 2933 scio
1199 2899 1406 2943 receperis,
1436 2909 1682 2949 quamquam

191 2957 259 2995 vel
289 2971 340 2997 ex
369 2959 448 2998 hoc
476 2961 526 3000 fr.
557 2974 638 2999 non
668 2961 759 3013 plus
789 2962 926 3013 colligi
954 2965 1218 3016 probabiliter
1242 2973 1389 3018 potest,
1420 2980 1539 3019 quam
1571 2967 1681 3020 quod
1734 3019 1736 3021 ‚

258 3024 436 3069 VAanz,
463 3027 572 3061 Com.
590 3039 628 3061 1⁸
648 3029 767 3062 Vana.
787 3040 866 3062 sA‘r.
1278 3055 1280 3058 v
1383 3034 1408 3072 9
