1898 3236
790 224 1136 258 CONIECTANEA.
1622 213 1705 253 215
1714 247 1723 254 .

220 336 416 375 translata
445 335 518 374 illa
548 319 757 373 desultorii
787 331 1042 386 signifiqatio,
1075 343 1197 383 quam
1225 341 1369 373 vocem
1395 335 1534 367 notum
1564 334 1634 384 est·
1655 328 1708 367 ad

219 419 383 459 prorsus
417 404 580 444 diversa
623 417 776 455 genera
812 403 1037 443 transferri.
1107 401 1176 440 Sic
1214 398 1295 439 illis
1331 398 1552 439 Mercklini
1589 412 1706 449 argu-

221 478 366 516 mentis
411 474 590 515 nondum
627 487 717 513 eam
760 473 866 512 tituli
906 473 1076 511 formam
1114 457 1372 524 profligatam
1407 469 1591 509 arbitror.
1649 469 1709 508 At

221 561 318 588 vero
350 547 545 586 memoria
582 545 672 596 ipsa
708 544 866 583 incerta
902 548 984 582 est:
1032 541 1282 599 exemplaria
1317 541 1442 579 Nonii
1470 555 1511 592 p.
1542 547 1631 587 503,
1662 545 1708 579 22

220 633 301 657 περι
328 632 394 656 τον
420 601 590 664 rumpi-zm,
622 629 662 668 p.
689 620 780 662 534,
813 619 860 655 22
896 612 1090 653 exhibent
1118 626 1200 650 mm
1228 627 1270 649 rr
1297 622 1445 659 mquam:
1474 611 1588 650 -unde
1617 624 1708 651 cum

162 726 170 732 .
220 690 290 729 alii
321 689 405 728 alia
429 688 676 735 elicuissent,
704 685 806 726 illud
835 685 943 723 Iunii
964 685 1172 723 inventum
1191 680 1280 735 περὶ
1305 682 1378 722 τοῦ
1396 675 1567 734 γράφειν
1587 696 1709 735 quam

219 765 354 812 potest
400 759 582 811 proxime
627 757 682 796 ad
726 757 951 795 litterarum
994 741 1297 794 similitudinem
1335 742 1515 793 aceedit:
1565 767 1590 792 a
1627 766 1709 806 qua

220 830 357 883 paullo
411 830 572 880 longius
615 817 772 868 recedit
816 826 1033 882 Mercklini
1077 825 1312 864 coniectura
1361 821 1451 876 περὶ
1497 822 1705 873 πειρατῶν.

221 901 483 952 Quamquam·
510 913 592 938 non
629 900 767 950 inepte
800 896 1012 935 desultorii
1046 909 1192 935 nomen
1227 895 1281 935 ad
1318 896 1471 948 piratas
1497 894 1709 934 transferri

218 972 470 1012 Mercklinus
491 969 692 1022 probavit.
734 960 818 1007 Sed
841 981 930 1006 cum
953 967 1039 1006 eius
1063 967 1296 1018 suspitionis
1317 966 1564 1018 praesidium
1587 967 1708 1005 etiam

220 1044 262 1082 in
299 1042 454 1081 duabus
499 1054 604 1094 quae
641 1041 863 1079 afferuntur
898 1038 1080 1090 reliquiis
1121 1042 1310 1089 paratum
1347 1050 1438 1076 esse
1474 1037 1706 1084 arbitratur,

171 1116 173 1119 '
220 1114 403 1160 alterum,
428 1111 537 1164 quod
552 1112 766 1162 Roeperus
787 1108 1052 1162 probabiliter
1080 1114 1122 1146 ut
1143 1113 1242 1158 puto
1260 1107 1450 1147 Sotadeis
1477 1107 1706 1160 descripsit,

420 1179 538 1221 'Alius
568 1181 716 1220 domini>
738 1178 895 1219 delicia's
922 1179 1076 1227 faselon
1100 1178 1232 1226 dplum

418 1249 461 1290 Έ
491 1254 642 1291 tonsilla
670 1252 694 1289 ά
723 1253 833 1288 litore
862 1250 994 1288 mo'bile
1023 1251 1063 1303 in
1090 1247 1277 1296 flue'ntum

423 1325 551 1368 Solvit,

221 1397 271 1436 de
302 1396 445 1449 quovis
474 1394 552 1433 alio
578 1405 660 1431 non
678 1390 867 1430 'deterius
895 1402 1016 1442 quam
1046 1389 1097 1429 de
1126 1391 1268 1442 piratis
1300 1391 1559 1442 intelligitur:
1594 1392 1706 1443 prius

219 1472 353 1506 autem
421 1515 427 1521 ⁶
936 1453 942 1457 ’

422 1538 591 1574 Fervere
612 1535 756 1582 piratis
785 1536 1004 1581 vastarique
1033 1535 1159 1571 omnia
1184 1536 1330 1571 circum
1375 1531 1380 1575 Ϊ

222 1622 311 1647 eum
343 1607 549 1646 contiueat
578 1605 801 1657 piratarum
825 1602 1181 1654 significationem,
1220 1603 1420 1644 lubricum
1449 1609 1511 1642 est
1544 1616 1594 1642 ex
1623 1609 1705 1642 tam

220 1679 332 1718 tenui
361 1676 534 1727 vestigio
565 1675 675 1714 velle
699 1675 821 1714 totius
852 1679 1014 1724 saturae
1044 1681 1324 1725 argumentum
1356 1674 1538 1714 definire.
1587 1673 1705 1712 Atta-

220 1762 312 1788 men
348 1761 439 1787 eam
475 1759 561 1785 rem
588 1737 729 1784 visum*
748 1751 812 1785 est
836 1745 1066 1785 Mercklino
1083 1746 1305 1786 ·eommode
1333 1744 1704 1787 testimoniumad-

220 1820 374 1866 iuvare,
407 1830 486 1870 quo
505 1809 730 1856 Varronem
757 1816 891 1867 egisse
920 1816 961 1855 in
991 1817 1139 1855 saturis
1168 1816 1219 1856 de
1244 1817 1388 1869 piratis
1418 1816 1551 1869 deque
1581 1817 1704 1855 saeri-

219 1889 338 1940 legiis
365 1888 587 1941 piratarum
615 1885 883 1940 confirmetur.
943 1886 1114 1927 Arnobii
1134 1886 1262 1926 verba
1285 1893 1389 1935 sunt,
1416 1873 1522 1939 quae
1542 1885 1705 1925 Merek-

219 1960 326 2005 linus
353 1958 507 2005 attulit,
542 1956 636 1997 adv.
663 1962 747 1996 nat.
775 1956 837 1996 VI
866 1963 930 1998 23:
970 1960 1040 1996 Ubi
1067 1960 1228 2005 denique
1257 1939 1393 2005 Apolio
1418 1960 1589 2002 divinus,
1618 1969 1704 1994 cum

219 2045 243 2068 u
263 2033 406 2079 piratis
430 2030 705 2075 maritimisque
730 2029 993 2075 praedonibus
1016 2034 1052 2064 ec
1080 2031 1266 2076 spoliatus
1289 2030 1343 2066 ita
1372 2034 1428 2066 est
1457 2033 1494 2066 et
1513 2030 1704 2072 incensus,

219 2107 259 2140 ut
291 2112 344 2141 ex
375 2105 427 2138 tot
455 2103 547 2136 auri
567 2095 816 2145 ponderibus,
845 2109 948 2145 quae
976 2099 1126 2145 infinita
1155 2104 1426 2147 conqesseranl
1457 2101 1627 2144 saecula,
1658 2109 1705 2135 ne

220 2185 337 2211 unum
380 2173 530 2219 quidem
574 2168 751 2204 habuerit
794 2169 1040 2215 scrupulum,
1090 2172 1193 2217 quod
1227 2170 1497 2207 hirundinibus
1533 2170 1704 2218 hospitis,

231 2244 355 2280 Varro
391 2247 434 2279 ut
459 2229 565 2277 ‚dicu
601 2237 848 2285 Menippeas,
885 2242 1112 2276 ostenderet.
1171 2239 1221 2278 In
1258 2238 1403 2292 quibus
1434 2238 1544 2292 quod
1573 2239 1704 2278 Varro

220 2312 461 2362 Menippeus
493 2309 550 2360 (h.
581 2322 616 2347 e.
647 2313 691 2347 ut
725 2308 812 2347 fere
843 2307 1047 2360 accipiunt
1068 2309 1198 2348 Varro
1221 2309 1264 2347 in
1283 2309 1428 2348 saturis
1449 2309 1701 2362 Menippeis:

221 2381 294 2421 sed
325 2381 377 2420 ef.
402 2379 606 2418 Krahneri
637 2378 689 2418 de
717 2378 912 2418 Varronis
935 2378 1194 2431 philosophia
1215 2393 1253 2431 p.
1279 2378 1318 2431 9)
1351 2368 1511 2427 citatur,
1540 2379 1583 2418 id
1613 2393 1702 2418 cum

220 2453 377 2503 Popma
406 2455 446 2490 et
468 2449 666 2489 Oehlerus
697 2449 749 2488 ad
776 2462 934 2488 omnem
962 2449 1073 2488 illam
1090 2449 1520 2493 Arnobiimemoriam
1549 2451 1703 2490 referre

220 2521 453 2569 videantur,
493 2534 568 2571 ego
599 2521 694 2560 dum
722 2522 888 2575 propius
916 2520 1045 2559 verba
1073 2521 1266 2574 inspicio,
1296 2521 1530 2563 Arnobium‘
1550 2535 1572 2560 e
1600 2522 1701 2561 Var-

220 2604 319 2631 rone
346 2591 448 2630 nihil
475 2592 554 2630 nisi
581 2592 838 2645 hirundinum
863 2591 1114 2644 hospitamm
1139 2593 1383 2633 mentionem
1411 2593 1579 2645 petiisse
1608 2591 1703 2630 mihi

222 2661 466 2713 persuadeo:
491 2671 575 2701 'nec
603 2656 722 2701 aliter
744 2648 1003 2705 Krahnerum
1029 2663 1209 2713 iudicare
1238 2663 1359 2703 video
1391 2662 1602 2714 (Varronis
1625 2662 1702 2701 Cu-

219 2734 278 2772 rio
319 2733 370 2772 de
403 2733 514 2771 cultu
547 2733 714 2773 deorum
741 2746 781 2784 p.
810 2732 893 2785 20),
934 2735 1003 2787 qui
1041 2735 1091 2774 ab
1121 2734 1349 2784 Augustino
1379 2733 1429 2773 de
1462 2733 1616 2771 musica
1643 2733 1704 2772 IV

225 2811 264 2845 15
295 2811 322 2842 t.
354 2804 375 2842 I
403 2817 443 2855 p.
475 2809 560 2845 354·
585 2805 672 2843 sine
709 2808 874 2843 auctore
909 2804 1078 2844 laudata
1114 2804 1241 2843 verba
1287 2806 1362 2843 Ver
1400 2805 1580 2842 blandum
1608 2806 1704 2852 viyet

206 2877 343 2920 ,ut-vis,
382 2877 491 2914 adest
525 2876 663 2923 hospes
690 2875 855 2926 hirundo
882 2873 1083 2923 Arnobio,
1123 2888 1213 2915 cum
1241 2874 1315 2914 illa
1345 2874 1395 2913 de
1423 2873 1703 2914 hirundinibus
