1898 3236
249 229 302 268 40
823 239 1162 273 comncTAnnA.

248 349 424 395 partem,
463 345 600 384 ascitis
630 345 856 393 nonnullis,
896 357 996 398 quas
1031 358 1138 397 nunc
1166 361 1246 387 non
1275 362 1518 403 persequor,
1557 354 1725 395 aliorum

249 413 568 466 opinationibus,
600 415 663 454 his
692 416 907 454 trochaicis
937 418 1178 469 septenariis
1206 418 1441 471 descripsit:

448 506 555 544 Νόᾱο
584 508 717 544 intorti
740 518 793 544 ex
823 507 1013 545 sabolibus
1042 493 1336 548 demittebantur
1358 511 1518 559 pdrvuli

446 575 526 613 Se'x
556 579 744 624 cincinni,
777 578 880 616 oculi
903 578 1301 629 suppactuli‘niqellis
1323 584 1495 631 papulis.

244 677 362 714 Mitto
410 676 494 715 alia
539 691 644 730 quae
685 679 723 716 ei
762 678 895 717 obsint
932 680 1176 719 restitutioni
1220 695 1296 720 nec
1337 696 1461 734 urgeo
1506 686 1614 737 quod
1649 672 1735 726 non

247 733 373 804 toturn
428 747 697 799 fragmentum
743 748 857 787 licuit
905 748 1049 788 eodem
1089 763 1255 789 numero
1301 753 1553 794 describere:
1607 770 1729 810 unum

245 829 324 867 quo
364 830 412 855 ea
448 820 688 858 restauratio
729 819 895 862 metrica
938 812 1114 859 diluatur
1158 820 1234 859 h‘oc
1271 828 1356 871 est,
1405 818 1521 876 quod‘
1553 832 1727 875 ceterae,

245 899 351 937 quae
388 900 478 925 cum
511 888 581 928 illo
619 890 818 928 artissime
864 890 1101 939 cohaerent,
1144 891 1340 944 reliquiae
1378 880 1515 945 probis
1558 890 1726 945 senariis

234 957 475 1018 decurrunt.
521 959 667 1012 Neque
692 960 797 998 enim
822 961 1230 999 metrorumvariatio
1252 959 1507 1003 Varroniana
1532 967 1727 1006 eiusmodi

246 1034 327 1075 est,
366 1034 411 1067 ut
448 1014 568 1069 etiam
609 1043 714 1082 quae
745 1043 865 1068 sensu
904 1030 1232 1069 coniunctissima
1267 1033 1347 1071 sint
1385 1034 1515 1074 forma
1543 1049 1727 1076 numero-

245 1110 332 1138 rum
353 1099 484 1138 dirimi
507 1100 693 1139 voluerit.
736 1099 874 1151 ,Quod
897 1113 1017 1152 quam
1035 1097 1116 1148 vim
1139 1101 1290 1141 habeat
1320 1103 1372 1142 ad
1392 1118 1533 1144 versus
1558 1120 1632 1159 per
1644 1107 1733 1157 ¹lias.
1753 1140 1758 1144 .

245 1175 402 1209 saturas
425 1170 740 1218 resuscitandos,
770 1171 890 1209 etiam
910 1171 1113 1218 nonnullis
1135 1172 1224 1211 aliis
1247 1174 1441 1226 exemplis
1462 1175 1569 1215 infra
1594 1182 1726 1216 osten-

245 1241 350 1280 dam.
400 1241 538 1293 Quare
567 1239 645 1278 hoc
673 1241 834 1279 nomine
862 1241 1097 1293 prudentius
1129 1243 1212 1292 egit
1232 1243 1464 1295 Roeperus‚
1498 1247 1566 1315 qui
1588 1249 1726 1286 nescio

245 1316 376 1350 utrum
405 1312 479 1350 illa
507 1312 663 1350 ratione
692 1325 743 1350 an
780 1324 901 1350 sensu
926 1313 1059 1363 potius
1089 1325 1161 1350 suo
1190 1313 1334 1352 ductus
1371 1319 1498 1353 totum
1526 1316 1726 1368 fragmen—
1784 1326 1788 1330 ’

247 1387 331 1420 tum
359 1383 400 1420 in
430 1363 615 1421 senarios
642 1381 844 1420 distribuit
872 1381 899 1419 1.
931 1395 964 1419 c.
993 1396 1032 1434 p.
1062 1388 1150 1423 264:

447 1503 455 1511 .
488 1473 578 1511 a'nte
608 1473 718 1510 auris
747 1472 854 1509 modo
885 1471 938 1509 εἶτ
967 1474 1158 1517 subolibus
1180 1473 1340 1521 pa'rvuli
1371 1480 1375 1484 ”
1402 1461 1406 1464 ⁴

444 1545 587 1582 Into'rti
613 1535 864 1582 dem‘ittt'cntur
892 1553 964 1580 sex
993 1543 1222 1584 cinct'nnuli:

446 1615 557 1653 Oculi
585 1617 731 1669 niqellip·
756 1599 917 1665 papulis
947 1614 1171 1668 suppactuli
1255 1602 1258 1605 ’

445 1686 644 1730 Quendam
672 1685 904 1722 hilaritatem
934 1681 1193 1734 se'ynificanles
1223 1687 1424 1728 cinimitus:

447 1755 606 1805 [Denle's
635 1755 872 1805 candentes‚]
908 1755 1029 1794 rictus
1059 1763 1099 1794 ut
1124 1759 1384 1805 parvissimus

442 1827 635 1875 Refre'nat
664 1839 730 1865 ore
759 1828 871 1864 ro'sea
902 1826 1032 1877 [labra
1058 1857 1066 1864 .
1085 1836 1107 1865 ·.
1142 1827 1170 1879 .]

238 1917 287 1956 In
319 1917 666 1969 quo‘praesertim
695 1917 966 1967 Scaligerum,
999 1930 1118 1970 quem
1147 1918 1308 1967 laudat,
1341 1925 1503 1958 secutus
1533 1926 1613 1969 est,
1644 1922 1722 1960 nisi

239 1988 346 2040 quod
377 1988 476 2026 duos
502 2000 645 2026 versus
675 1992 899 2039 postremos
929 2002 1000 2027 suo
1030 1990 1211 2041 periculo
1240 1990 1377 2041 paullo
1406 1991 1623 2030 violentius
1652 1992 1721 2031 ad·
1772 2000 1774 2002 ’

242 2059 412 2097 ornavit.
485 2058 576 2110 Quo
614 2058 742 2107 magis
781 2059 901 2097 miror
949 2073 1040 2098 eum
1077 2060 1198 2108 illud,
1227 2060 1355 2111 *quod
1391 2061 1575 2112 Scaliger
1611 2067 1721 2118 recto

239 2143 361 2168 sensu
397 2134 683 2181 perspexerat,
733 2129 985 2179 neglexisse,
1029 2136 1122 2183 post
1164 2134 1361 2178 animiam,
1404 2131 1472 2170 ubi
1510 2133 1722 2192 Roeperus
1764 2158 1768 2162 ·

237 2196 326 2252 ipse
361 2199 549 2238 lacunam
587 2200 747 2247 statuit,
787 2199 862 2238 hos
900 2199 999 2239 duos
1031 2214 1195 2248 versus,
1236 2215 1336 2254 quos
1368 2201 1464 2241 alibi
1494 2204 1650 2244 Nonius
1680 2220 1721 2258 p.

238 2276 326 2317 218,
357 2275 403 2309 22
434 2283 484 2308 ex
515 2269 658 2308 eadem
687 2274 825 2308 satura
855 2271 1012 2319 citavit,
1045 2272 1281 2311 inserendos
1314 2286 1427 2312 esse:

287 2402 294 2408 ,
353 2366 395 2399 12
441 2361 542 2405 Quos
568 2360 842 2409 calliblephara
872 2362 1047 2400 na'turali
1068 2363 1281 2411 pa'lpebrae

444 2431 600 2468 Tinctde
631 2433 790 2469 vallatos
819 2435 945 2472 mo'bili
971 2436 1104 2482 saepto'
1135 2440 1293 2473 tenent·

1504 2505 1516 2518 .

236 2534 342 2571 Nam
370 2531 589 2571 Oehlerum
614 2546 694 2570 non
722 2542 837 2582 curo,
870 2536 939 2587 qui
969 2549 1089 2587 quam
1118 2549 1198 2574 non
1225 2526 1402 2588 potuerit
1433 2538 1482 2576 de
1509 2538 1718 2590 Scaligero

237 2603 429 2653 iudicium
459 2603 619 2650 facere,
657 2608 698 2641 et
726 2616 770 2642 re
799 2605 1000 2654 significat
1029 2611 1068 2644 et
1096 2606 1252 2656 verbis,
1293 2609 1360 2660 qui
1392 2610 1433 2648 in
1463 2610 1716 2660 praefatione

236 2687 276 2724 p.
309 2680 352 2714 19
381 2674 479 2712 talia
505 2674 556 2712 de
587 2674 797 2725 Scaligero
825 2674 1001 2715 scribere
1027 2690 1108 2714 non
1136 2678 1313 2718 erubuit:
1347 2680 1503 2732 ‘parum
1534 2680 1737 2729 conside-—

236 2758 349 2792 rans,
389 2745 618 2795 fragmenta
652 2746 890 2797 scriptorum
919 2752 1031 2792 recte
1069 2749 1280 2799 corrigere.
1299 2763 1385 2788 rem
1423 2764 1512 2790 esse
1542 2753 1715 2798 maxime

233 2815 431 2855 lubricam
465 2822 505 2855 et
542 2819 715 2868 omnium
751 2815 884 2869 paene
914 2817 1192 2858 difficillimam
1222 2842 1258 2848 --
1290 2843 1321 2848 -
1355 2822 1619 2861 confidentius
1654 2829 1716 2863 est

233 2886 417 2938 Scaliger
454 2894 498 2926 ut
535 2889 669 2928 multis
706 2890 747 2939 in
775 2889 885 2938 aliis,
927 2884 998 2929 ita'
1014 2892 1054 2930 in
1081 2891 1143 2930 his
1171 2891 1370 2942 Varronis
1394 2891 1493 2948 locis
1524 2893 1719 2940 sanandis,
