1898 3236
744 292 1089 324 conmc'rAnnA.
1262 325 1264 327 ,
1299 341 1303 344 ⁴
1584 283 1666 323 125

173 399 431 450 citationibus
474 398 623 439 criticis
650 398 697 438 II
725 405 768 447 1,
799 405 842 440 11
889 396 960 449 (of.
994 385 1144 437 Festus
1179 396 1344 435 Miilleri
1374 410 1418 449 p*
1447 395 1530 448 128)
1572 410 1666 435 con-

171 470 369 510 iecturam
414 473 565 510 manias
607 468 796 521 probavit
841 474 883 508 et
927 468 1109 521 pluribus
1148 468 1309 516 firmare
1351 466 1524 508 studuit:
1576 461 1668 506 esse

173 555 243 580 eas
285 541 426 581 laneas
469 540 648 591 effigies,
704 553 805 592 quas
852 552 934 578 una
967 552 1060 579 cum
1091 539 1186 591 pilis
1225 538 1420 591 suspendi
1463 538 1667 591 Compita·

170 611 275 666 libus
311 598 452 650 solitas
487 623 577 650 esse
613 623 703 649 cum
742 609 813 649 alii
846 615 972 648 testes
1010 615 1095 648 tum
1126 609 1360 649 Macrobius
1401 610 1565 651 Saturn.
1596 611 1618 649 I
1645 616 1666 653 7

170 682 406 734 perhibent:
455 681 508 720 cf.
546 680 597 721 O.
626 681 796 720 Iahnius
832 681 874 720 in
902 681 1019 720 Pers.
1055 694 1096 733 p.
1128 686 1215 729 174,
1256 681 1482 734 eodemque
1514 694 1666 732 genere

166 755 270 800 pilas
298 752 494 792 contineri
524 767 546 792 e
574 753 700 792 Festo
731 757 902 805 apparet
927 765 968 804 p.
999 757 1069 793 239
1097 752 1154 791 M.
1186 751 1279 790 coll.
1304 752 1449 792 Paulo.
1509 753 1575 791 De
1605 763 1667 790 re-

170 826 285 861 ticulo
315 829 480 875 praeter
509 824 685 863 Nonium
713 838 754 876 p.
787 828 878 870 542,
913 829 953 862 ll
986 822 1083 861 vide
1109 822 1336 861 Varronem
1363 823 1414 862 de
1438 824 1580 874 lingua
1605 823 1665 861 la-

169 892 254 930 tina
276 893 315 931 V
335 897 415 944 130,
447 894 592 934 Iuven.
612 895 658 934 H
678 900 724 936 96
752 906 844 932 cum
873 891 968 932 adn.
983 893 1230 947 *Heinrichii
1267 896 1490 944 Strophium
1509 895 1666 933 Nonius

170 962 350 1013 explicat
377 977 418 1015 p.
449 971 530 1013 538,
556 971 599 1007 7:
645 965 697 1004 cf.
728 963 907 1003 Beckeri
938 963 1083 1004 Gallus
1112 963 1181 1002 111
1210 979 1250 1016 p.
1282 971 1369 1014 141,
1410 965 1596 1016 Scaliger
1624 966 1667 1004 in

170 1033 291 1071 catal.
319 1047 359 1085 p.
389 1040 447 1076 65.
505 1035 653 1088 Itaque
683 1034 756 1073 illa
785 1034 836 1074 de
866 1035 1012 1074 maniis
1039 1034 1214 1088 pilisque
1242 1035 1277 1073 si
1304 1049 1387 1074 non
1418 1035 1664 1088 improbabi-

141 1104 224 1142 'lia
264 1111 376 1154 sunt,
417 1105 469 1146 de
506 1107 654 1168 salute·
677 1105 849 1145 alieuius
887 1119 958 1145 eas
995 1119 1062 1144 res
1093 1119 1117 1143 a
1145 1105 1297 1145 femina
1325 1119 1545 1158 suspensas
1573 1119 1665 1145 esse

169 1182 351 1227 apparet.
410 1177 461 1216 Id
502 1177 610 1230 quod
649 1176 850 1230 quomodo
887 1177 1006 1215 huius
1045 1182 1207 1217 saturae
1238 1183 1475 1229 argumento
1506 1176 1664 1216 accom-

168 1246 375 1295 modetur,
426 1248 628 1287 neminem
670 1248 790 1301 fugit.
863 1247 1020 1299 Tetigit
1055 1247 1184 1286 verba
1227 1253 1393 1300 propter
1438 1249 1663 1301 inaequali-

167 1324 294 1375 tatem
326 1318 641 1366 coniunctionis,
673 1331 779 1370 quae
809 1332 916 1358 nunc
947 1319 1077 1368 abest,
1107 1323 1284 1358 marinas
1312 1322 1433 1358 mollis
1456 1323 1571 1369 pilas,
1602 1333 1663 1359 re-

167 1392 285 1427 ticula
312 1403 359 1428 ac
382 1392 558 1438 strophia
581 1390 639 1428 M.
668 1389 872 1445 Hauptius
902 1390 944 1428 in
969 1389 1321 1430 observationibus
1352 1391 1503 1430 criticis
1533 1390 1573 1444 p}
1604 1398 1665 1434 31.

168 1460 276 1499 Nam
304 1461 384 1499 iam
413 1459 645 1499 bimembris
677 1461 806 1499 oratio
835 1466 910 1509 est,
940 1462 1120 1500 iunctum
1141 1462 1363 1501 membrum
1386 1462 1572 1512 alterum,
1605 1463 1663 1502 al-

157 1538 298 1574 ,terum
331 1532 526 1570 solutum:
559 1534 729 1578 manias,
757 1534 883 1580 pilas:-
915 1534 1078 1571 reticula
1109 1546 1156 1572 ac·
1181 1535 1372 1582 strophia.
1432 1535 1664 1587 Descripsit

169 1601 344 1654 denique
374 1602 586 1654 Roeperus
615 1602 817 1642 senarios:

372 1704 580 1752 Suspe'ndit
607 1706 756 1742 laribus
783 1705 953 1751 ma'm'as,
985 1705 1108 1744 mollis
1131 1709 1251 1755 pilas,
1311 1685 1315 1706 ζ

371 1775 550 1813 Retia-ula
579 1788 625 1813 ac
654 1777 842 1825 strophia.
1074 1770 1078 1773 ’
1209 1781 1215 1784 ’

168 1877 305 1916 Unum
341 1877 463 1916 etiam
498 1883 685 1928 superest
720 1877 839 1916 huius
879 1884 1041 1917 saturae
1079 1879 1374 1936 fragmentum,
1413 1880 1519 1932 quod
1551 1880 1661 1920 Och-

167 1949 290 1997 letus,
321 1949 460 1988 nescio
486 1960 564 2000 quo
596 1948 697 1995 iure,
721 1949 849 2000 primo
878 1948 970 1987 loco
1001 1949 1231 2000 adscripsit.
1287 1940 1407 1988 Certe
1438 1951 1536 1990 mihi
1560 1953 1661 1991 nihil

167 2020 218 2059 de
253 2012 342 2059 *eius
390 2019 489 2059 sede
530 2032 578 2058 ac
612 2033 720 2059 nexu
757 2025 1006 2072 compertum
1043 2027 1124 2060 est:
1164 2026 1206 2059 at
1242 2022 1487 2075 sententiam
1515 2023 1660 2062 videor

166 2097 378 2130 assecutus
403 2105 514 2145 esse.

282 2202 299 2235 l
367 2197 444 2233 Hic
471 2199 569 2234 enim
600 2196 727 2232 omnia
757 2198 866 2230 erat:
896 2196 993 2231 idem
1019 2198 1213 2242 sacerdos,
1240 2203 1414 2245 praetor,
1440 2200 1660 2246 parochos:

368 2267 530 2315 denique
559 2267 657 2303 idem
688 2268 858 2308 senatus,
888 2266 986 2302 idem
1011 2268 1189 2313 populus,
1221 2268 1355 2315 kaput.

166 2377 234 2416 Sic
278 2378 384 2416 enim
418 2377 513 2416 libri
551 2376 676 2415 Nonii
702 2390 743 2428 p.
773 2381 839 2424 48,
868 2382 934 2426 32,
974 2378 1053 2417 nisi
1088 2379 1198 2431 quod
1224 2379 1371 2420 leviter
1398 2381 1440 2420 in
1470 2380 1659 2422 Wolfen-

164 2446 372 2488 buttelano
401 2454 565 2497 praeter
593 2460 788 2498 par-acm,
820 2447 862 2486 in
886 2447 1082 2488 Leidensi
1102 2457 1266 2498 praetor
1287 2458 1451 2501 paratos
1480 2458 1656 2491 erratum

166 2525 239 2558 est.
299 2518 386 2559 Sed
424 2531 514 2558 cum
549 2519 674 2567 kaput
702 2519 762 2557 sic
795 2518 903 2558 nude
931 2525 972 2558 et
1005 2512 1226 2569 ἆσυνδέίως
1254 2523 1428 2575 positum
1457 2524 1544 2563 iure
1575 2524 1656 2562 dis-

164 2589 358 2642 pliceret,
389 2590 432 2628 in
460 2588 635 2641 antiquis
662 2587 785 2628 Nonii
815 2589 1059 2630 editionibus
1090 2593 1334 2645 vulgabatur
1358 2598 1498 2644 populi
1524 2603 1654 2644 caput,

166 2658 276 2711 quod
315 2672 405 2698 cum
436 2658 509 2698 alii
537 2658 631 2697 olim
660 2665 745 2698 tum
772 2660 932 2700 Nakius
962 2663 1004 2701 in
1034 2675 1178 2703 comm.
1211 2664 1264 2703 ad
1292 2665 1502 2715 Valerium
1534 2666 1654 2706 Cato-

164 2743 256 2768 nem
282 2744 322 2782 p.
355 2736 424 2772 183
450 2743 500 2770 ac
524 2743 654 2782 nuper
682 2731 894 2784 Roeperus
923 2733 1158 2785 probarunt.
1218 2736 1441 2786 Perperam
1468 2741 1513 2774 ut
1540 2742 1653 2788 puto,

165 2814 256 2840 cum
279 2814 356 2840 nec
381 2807 476 2853 apte
506 2807 547 2840 et
574 2802 738 2855 proprie
767 2809 937 2851 senatus,
961 2808 1100 2854 populi
1126 2812 1244 2855 caput
1274 2807 1464 2857 coniungi
1484 2807 1657 2846 videam

162 2877 227 2909 tur
264 2884 340 2910 nec
380 2885 599 2923 congruam
636 2873 736 2910 mori
766 2873 948 2914 Romano
983 2876 1306 2916 coniunctionem
1335 2876 1492 2920 senatu's
1521 2885 1558 2917 et
1582 2893 1652 2928 po-

158 2945 278 2990 putus
303 2943 438 2996 perire
463 2944 609 2996 patiar.
649 2943 912 2986 Revocarunt
942 2946 1107 3000 quidem
1133 2948 1379 3001 primitivam
1414 2950 1652 3002 scripturam
