1898 3236
739 249 1083 282 conmcunm.
1574 241 1656 281 205

168 360 313 413 quibus
357 359 500 398 videor
530 357 627 396 mihi
665 363 822 396 tantum
859 356 1079 403 effecisse„
1102 360 1146 393 ut
1181 353 1360 392 nondum
1388 359 1452 392 sat
1486 353 1658 392 fidenter

170 430 281 469 credi
310 429 404 477 illa,
443 442 564 482 quam
591 427 842 467 Mcrcklinus
864 424 1054 466 'studiose
1087 423 1405 473 commendavit,
1437 424 1659 477 duplicium

168 503 210 540 in
275 501 422 539 saturis
479 499 687 545 titulorum
744 499 973 538 constantia
1038 495 1180 549 possit.
1269 496 1446 545 Pergam
1498 495 1658 534 interim

169 571 386 610 Merckliui
431 567 734 620 conglutinandi
771 569 910 607 titulos
951 566 1177 620 specimina
1215 565 1458 617 disceptare.
1525 567 1597 605 Bis
1635 579 1659 604 a

171 641 306 681 Gellio
339 642 415 693 (VI
447 646 502 688 16,
535 647 573 690 13
604 639 687 678 XV
718 638 778 689 19)
811 639 957 677 citatur
985 644 1124 676 satura
1154 633 1244 688 περὶ
1275 630 1506 686 ἐδεσμάτων,
1543 642 1582 675 ct
1608 636 1658 675 ab

169 712 314 750 eodem
342 712 478 752 Gellio
507 711 604 749 item
632 709 695 748 bis
725 708 846 761 (1732,
871 715 916 759 43
946 710 1058 749 XIII
1084 708 1144 760 ll)
1178 708 1344 746 affertur
1368 707 1498 746 altera
1528 710 1662 747 Nescis

168 786 262 832 quid
303 794 439 831 vesper
476 783 617 830 (serus)
658 783 781 820 vehat.
838 780 960 819 Illam
1003 781 1143 828 titulus
1177 779 1330 818 indicat
1365 778 1416 817 de
1448 779 1661 832 exquisitis

102 875 106 878 ·
170 853 349 892 ciborum
388 853 543 892 deliciis
583 854 738 903 egisse,
786 853 892 891 hanc
928 850 1053 891 Gellii
1089 851 1360 890 testimonium
1397 850 1572 888 affirmat
1609 851 1660 889 de

171 925 280 963 cultu
309 924 529 976 habituque
563 924 741 963 convivii
777 923 917 962 fuisse.
979 922 1098 975 Quae
1129 920 1293 974 quidem
1323 922 1511 971 cognatio
1543 934 1659 971 argu-

170 996 294 1034 menti
322 994 590 1033 Mercklinum
621 994 813 1042 adduxit,
847 998 893 1031 ut
921 1006 992 1031 eas
1021 1007 1102 1031 non
1118 992 1235 1031 ‘duas
1269 997 1429 1031 saturas
1459 991 1534 1030 sed
1561 991 1661 1030 duas

169 1071 326 1104 tantum
354 1066 639 1118 inscriptiones
659 1066 776 1103 unius
797 1070 960 1103 saturae
982 1065 1109 1103 fuisse
1129 1062 1206 1102 sibi
1225 1061 1504 1114 persuaderet.
1537 1061 1662 1101 Cuius

170 1137 405 1189 suspitionis
431 1141 711 1186 argumentum
739 1150 763 1174 a
789 1136 941 1188 leporis
972 1136 1150 1188 epitheto
1183 1134 1412 1186 repetitum,
1439 1132 1548 1185 quod
1574 1145 1663 1171 cum

171 1214 341 1260 utroque
371 1207 507 1246 indice
542 1206 702 1246 Gellius
733 1208 951 1257 coniungat
983 1206 1060 1258 (VI
1088 1213 1143 1254 16,
1171 1214 1187 1246 l
1218 1207 1270 1243 M.
1304 1207 1430 1243 Varro
1450 1206 1488 1242 in
1512 1209 1662 1249 satura,

171 1293 287 1328 quam
316 1277 406 1327 περὶ
434 1272 655 1327 ἐδεσμάτων
684 1281 918 1326 inscripsit„
935 1281 1097 1326 lepide
1128 1278 1330 1315 admodum
1359 1282 1394 1314 ct
1425 1278 1518 1313 scite
1544 1276 1666 1324 factis

175 1352 345 1388 versibus
382 1342 566 1388 cenarum
599 1352 814 1398 exquisitas
850 1352 1006 1388 delicias
1043 1349 1339 1396 comprehendit.
1407 1347 1518 1385 XIII
1552 1354 1612 1394 ΙΙ,
1645 1354 1658 1388 l

175 1422 422 1470 Lepidissi
430 1433 528 1459 mus
556 1423 652 1459 liber
681 1426 737 1458 est
765 1421 817 1458 M.
863 1422 1049 1465 Varronis
1077 1432 1130 1458 εει·
1159 1422 1304 1457 saturis
1334 1420 1567 1467 Menippeis,
1599 1421 1667 1467 qui

172 1493 417 1534 inscribitur:
474 1495 636 1530 nescis
673 1493 790 1540 quid
822 1502 998 1539 vesper
1035 1502 1182 1529 serus.
1213 1492 1392 1539 vehat),
1448 1503 1539 1528 cum
1574 1490 1664 1541 ipse

174 1576 253 1600 non
283 1562 452 1600 multum
477 1564 616 1602 iuvare
648 1562 860 1610 concedat,
887 1575 966 1612 ego
989 1561 1090 1599 nihil
1115 1561 1255 1600 valere
1289 1560 1457 1608 affirmo,
1488 1573 1564 1598 nec
1594 1572 1663 1598 ve-

173 1647 258 1671 rum
289 1632 454 1685 quidem
492 1640 573 1682 est,
612 1633 720 1686 quod
757 1633 835 1680 ait,
869 1632 1033 1671 laudem
1063 1633 1235 1684 leporis,
1274 1646 1356 1685 qua
1386 1630 1511 1681 digna
1540 1630 1666 1668 multa

175 1718 225 1742 ex
256 1704 334 1742 hoc
368 1717 520 1754 genere
555 1706 752 1758 opuscula
790 1704 986 1743 Varronis
1025 1704 1196 1752 fuerint,
1234 1703 1328 1741 huic
1365 1703 1435 1740 u'ni
1464 1702 1586 1754 plene
1617 1714 1666 1739 ac

175 1766 428 1826 potissimum
459 1788 482 1812 a
511 1774 646 1813 Gellio
675 1774 812 1813 tribui.
871 1775 999 1813 Porro
1033 1775 1258 1815 Varronem
1287 1774 1328 1811 in
1360 1787 1409 1812 ea
1438 1779 1597 1820 satura,
1625 1773 1666 1809 in

175 1859 255 1897 qua
286 1844 513 1883 disserebat
547 1843 615 1884 ede
645 1850 741 1897 apto
774 1845 1045 1884 convivarmn
1063 1859 1229 1884 numero
1257 1845 1390 1897 deque
1416 1845 1541 1896 ipsius
1572 1857 1663 1881 con-

175 1916 273 1955 vivii
320 1915 462 1954 habitu
498 1906 714 1969 cultuque'
766 1914 842 1967 (sic
885 1916 991 1954 enim
1027 1921 1305 1967 argumentum
1343 1921 1505 1954 saturae
1544 1917 1668 1951 nescis

174 1989 268 2036 quid
295 2000 331 2028 e,
361 2000 399 2039 q.
430 2001 463 2027 s.
496 1987 654 2027 Gellius
695 1987 878 2027 definivit
908 1987 984 2036 ibi,
1023 1986 1091 2025 ubi
1120 1988 1241 2025 totius
1277 1982 1439 2025 saturae
1475 1985 1667 2024 ambitum

174 2072 223 2098 ac
259 2059 440 2110 speciem
477 2072 558 2097 non
584 2058 642 2096 ita
667 2059 855 2097 tenuibus
893 2059 1012 2098 lineis
1044 2058 1299 2098 adumbravit
1327 2057 1438 2096 XIII
1472 2056 1554 2108 ll),
1587 2070 1667 2094 non

175 2130 498 2181 praetermisisse
522 2129 693 2180 primam
726 2143 906 2168 mensam
936 2143 1145 2182 cenaeque
1178 2130 1305 2181 ipsius
1333 2127 1567 2180 primarium
1595 2140 1664 2178 ap-

174 2206 359 2251 paratum
395 2206 477 2238 tam
510 2204 680 2237 naturae
720 2201 967 2239 conveniens
1006 2208 1046 2239 et
1083 2201 1344 2254 perspicuum
1368 2194 1455 2247 est,
1492 2204 1536 2236 ut
1563 2198 1666 2236 haec

176 2270 339 2324 quidem
375 2283 440 2308 res
478 2283 558 2308 non
596 2262 761 2320 eguerit*
788 2270 1008 2310 Mercklini
1038 2273 1322 2324 explicatione.
1382 2271 1445 2310 Ac
1473 2269 1666 2315 Gellium,

174 2347 441 2394 posteaquam
470 2340 521 2378 de
553 2339 1003 2390 ‘bellis—homunculis'
1041 2343 1093 2382 ad
1121 2343 1350 2382 convivium
1375 2341 1561 2393 legendis
1597 2340 1666 2380 de-

175 2427 254 2466 que
299 2410 550 2450 sermonibus
600 2410 705 2449 inter
752 2426 893 2453 cenam
933 2415 1117 2454 serendis
1154 2419 1378 2467 praecepta
1413 2413 1668 2454 Varroniana

176 2484 349 2530 rettulit,
392 2495 481 2520 cum
516 2487 663 2533 pergat
688 2480 714 2531 ξ
747 2489 770 2524 6
818 2496 940 2534 neque
965 2499 1041 2524 non
1071 2488 1117 2524 de
1146 2488 1325 2524 secundis
1349 2496 1499 2534 quoque
1531 2486 1670 2522 mensis

179 2569 212 2592 e.
237 2568 275 2606 q.
300 2567 346 2601 s.,
379 2558 563 2604 apertum
591 2557 665 2600 est,
696 2559 740 2591 ut
769 2542 1088 2605 grammaticum,
1120 2558 1268 2597 omisso
1291 2556 1573 2596 varronianae
1603 2567 1666 2592 sa-

177 2632 290 2664 turae
340 2629 575 2675 argumento
615 2623 668 2661 ad
714 2625 999 2676 explicandam
1039 2631 1200 2666 bellaria
1243 2641 1387 2667 vocem
1433 2638 1667 2678 properare.

155 2697 307 2748 „Atqui
332 2697 366 2735 si
396 2686 592 2736 Varro'in
621 2695 698 2734 hac
728 2702 866 2735 satura
893 2703 973 2736 tam
1000 2700 1154 2750 primae
1180 2712 1300 2752 quam
1325 2697 1531 2736 secundae
1556 2709 1665 2734 men-

178 2782 249 2805 sae
287 2772 527 2818 apparatum
558 2768 859 2818 pertractavit„
888 2782 969 2807 non
997 2771 1128 2821 potuit
1162 2769 1282 2808 facile
1313 2770 1355 2807 in
1385 2768 1515 2806 altera
1544 2779 1666 2818 pecu-

178 2838 270 2876 liari
302 2843 440 2876 satura
469 2841 679 2876 recensum
708 2832 927 2888 ἐδεσμάτων
958 2838 1165 2878 exhibere.
1222 2839 1371 2877 Audio.
1431 2838 1488 2876 At
1517 2838 1551 2875 si
1580 2836 1669 2875 illic

178 2909 306 2947 omnis
345 2909 522 2947 convivii
559 2908 690 2948 cultus
729 2908 912 2960 depictus
952 2916 1062 2957 erat,
1107 2909 1352 2948 crediderim
1389 2909 1511 2947 etiam
1548 2912 1669 2959 potus
