1898 3236
748 274 1092 306 οοΝιΕο-ΓΑΝΕΑ.
1236 281 1239 283 -
1586 261 1664 301 153

179 385 327 424 causa’
365 391 449 423 tum
473 389 518 423 ut
546 383 638 421 lites
669 383 976 434 componerent:
1018 381 1069 418 cf.
1100 378 1281 418 Macrob.
1315 378 1343 416 l.
1375 391 1412 415 c.
1445 375 1471 426 ἓ
1501 383 1548 418 30
1577 389 1666 414 cum

179 457 272 495 adn.
308 456 410 494 Iani.
479 454 592 506 Quas
635 452 798 505 quidem
843 452 938 490 lites
981 451 1110 490 Varro
1149 449 1378 488 subindicat
1417 461 1490 487 sua
1532 452 1668 485 aetate

180 522 266 567 fere
305 528 346 566 in
377 525 600 565 calumnias
629 524 822 572 vertisse,
867 520 1013 575 quibus
1041 519 1234 559 ‘scientes
1265 519 1568 572 prudentesque
1595 533 1668 571 per

178 598 363 637 fraudem
407 597 512 636 alius
559 596 629 635 alii
677 594 843 646 negotia
885 592 1170 631 facesserent’.
1235 590 1382 642 Itaque
1425 590 1523 628 licet
1562 603 1668 628 nunc

178 669 316 722 paullo
353 668 577 720 pleniorem
617 663 1037 718 comprehensionem,
1087 661 1195 700 unde
1227 661 1329 700 illud
1365 666 1566 713 sumptum
1607 666 1670 699 est

178 742 465 791 fragmentum,
502 738 582 777 hoc
620 736 738 776 modo
775 735 939 774 efferre:
983 722 1231 783 Confluebant
1261 735 1346 775 olim
1373 733 1532 770 Romam
1561 739 1667 781 ψαμ-

177 805 382 861 μακόσιοι,
413 822 488 848 ηοη
513 811 580 858 qui
606 811 645 846 in
676 810 770 846 urb‘e
796 810 897 845 inter
919 808 1130 844 nundinum
1153 806 1498 850 calumniarentur,
1524 807 1593 842 sed
1615 807 1671 842 vel

178 885 231 921 ad
255 884 503 920 mercandum
531 883 589 919 vel
615 881 846 927 excipienda
860 878 978 916 ‘scita
997 882 1110 925 atque
1126 876 1330 922 consulta',
1353 877 1411 914 vel
1430 878 1592 924 denique
1614 882 1669 925 ul,

176 955 212 990 si
237 963 336 1000 quae
366 957 493 990 essent
520 953 616 997 lites,
643 961 710 988 eas
740 962 825 988 cum
853 950 942 997 fide,
975 961 1050 986 non
1077 958 1154 996 per
1179 947 1363 995 fraudem
1392 952 1429 984 et
1457 949 1671 985 calumnias

176 1025 388 1071 exiyerent.
440 1020 557 1072 Quae
582 1021 615 1059 si
644 1034 726 1059 non
759 1017 1081 1070 improbabiliter
1111 1017 1300 1070 explicui,
1333 1018 1409 1057 erit
1437 1019 1507 1071 qui
1534 1033 1598 1058 me
1621 1034 1670 1058 ea

177 1092 255 1132 hoc
283 1091 396 1140 loco,
432 1091 501 1131 ubi
531 1092 582 1131 de
609 1091 790 1130 ciborum
813 1090 972 1128 luxuria
1002 1089 1068 1140 agi
1098 1087 1306 1140 praedixi,
1336 1090 1521 1140 posuisse
1551 1090 1668 1129 mire-

178 1169 254 1202 tur.
317 1162 439 1213 Quod
467 1168 602 1202 tamen
634 1175 700 1200 me
729 1175 811 1200 non
840 1162 927 1200 sine
958 1161 1116 1199 ratione
1149 1160 1374 1198 instituisse
1413 1175 1505 1200 mox
1544 1175 1668 1214 appa-

178 1234 304 1282 rebit,
350 1233 419 1272 ubi
453 1234 503 1272 fr.
544 1234 610 1272 XI
655 1239 696 1272 et
729 1231 981 1271 emendatius
1023 1232 1223 1283 scripsero
1258 1236 1299 1269 et
1337 1244 1425 1270 cum
1467 1232 1537 1271 illo
1577 1246 1669 1271 con-

178 1305 352 1344 iunctius
377 1304 506 1343 fuisse,
536 1304 712 1343 evicero.
752 1303 915 1342 Etenim
941 1303 1000 1341 sic
1025 1303 1112 1342 fere
1131 1302 1271 1350 verba,
1301 1309 1344 1341 ut
1369 1316 1493 1355 supra
1513 1303 1669 1356 scripsi,

179 1373 364 1416 in‘libris
393 1375 517 1414 Nonii
537 1389 576 1428 p.
608 1381 667 1423 48,
700 1381 742 1416 18
766 1367 985 1413 habentur:
1016 1375 1095 1413 nisi
1126 1374 1233 1427 quod
1262 1374 1411 1412 leviter
1440 1379 1671 1426 corruptum

179 1462 334 1487 annona
362 1446 567 1486 exhibent.
626 1446 853 1484 Monstrum
880 1459 1084 1496 graecum,
1116 1446 1225 1498 quod
1253 1446 1366 1485 initio
1399 1449 1474 1492 est,
1506 1443 1670 1483 domare

178 1519 294 1558 multi
319 1518 455 1557 conati
483 1524 597 1565 sunt,
627 1516 803 1564 infelici,
833 1521 879 1554 ut
909 1516 1005 1555 mihi
1034 1517 1208 1565 videtur,
1240 1529 1447 1555 successu.
1508 1516 1558 1554 In
1589 1508 1676 1568 quov

179 1591 247 1643 qui
276 1595 435 1642 partem
463 1587 737 1639 inscriptionis
768 1594 1006 1638 agnoscunt,
1038 1588 1178 1626 fallaci
1208 1587 1347 1639 specie
1376 1592 1560 1626 utuntur:
1591 1602 1668 1627 nec

180 1661 346 1700 multum
388 1659 530 1712 profici
568 1657 630 1699 ..ad
670 1658 888 1697 veritatem
924 1658 1095 1697 arbitror
1141 1663 1210 1696 aut
1245 1658 1383 1696 Rothii
1427 1659 1670 1698 coniecturis

178 1725 388 1771 ἀτάλαντοι
421 1722 474 1776 ὡς
511 1729 580 1769 vel
613 1728 807 1776 παντοίως
843 1731 983 1768 edones
1007 1735 1076 1768 aut
1106 1729 1274 1769 Oehleri
1311 1735 1347 1768 et
1375 1722 1671 1780 ἀπαντήσουσιν

179 1806 318 1842 edones
345 1801 412 1840 vel
438 1793 466 1850 ἢ
484 1792 715 1839 ἆπαλῶνται
741 1797 835 1847 ἴσως
861 1803 1012 1840 edones.
1073 1800 1190 1852 Quae
1224 1800 1388 1853 quidem
1418 1785 1671 1854 opinationes

179 1880 222 1913 ut
255 1874 426 1913 aliorum
459 1871 679 1911 nonnullae
715 1872 843 1922 magis
885 1871 1184 1912 similitudinem
1215 1872 1419 1924 quandam
1445 1873 1672 1912 litterarum

179 1946 297 1998 sequi
332 1958 451 1998 quam
484 1957 532 1983 eo
567 1942 676 1996 quod
716 1949 756 1982 et
789 1943 849 1982 rei
875 1948 916 1981 et
945 1944 1082 1982 sensui
1111 1944 1318 1996 scriptoris
1353 1945 1569 1983 conveniat
1598 1944 1671 1982 niti

175 2017 377 2057 videntur.
436 2017 526 2067 Ego
565 2029 655 2054 cum
690 2014 871 2054 infinitae
900 2013 1168 2052 multitudinis
1197 2015 1402 2064 notionem
1432 2014 1583 2066 requiri
1612 2015 1670 2053 vi-

178 2089 337 2135 derem,
383 2087 507 2126 incidi
531 2087 573 2126 in
601 2100 691 2125 eam
721 2087 850 2138 ipsam
876 2098 1040 2132 vocem,
1071 2099 1193 2137 quam
1216 2087 1265 2125 fr.
1295 2087 1338 2125 X
1368 2086 1578 2125 Mercerus
1608 2099 1669 2123 re-

180 2159 328 2198 stituit:
368 2152 654 2208 ψαμμακόσιοι.
716 2155 834 2207 Quae
867 2168 956 2194 cum
992 2156 1034 2193 in
1071 2156 1173 2196 libro
1213 2159 1378 2211 antiquo
1419 2159 1476 2196 ita
1505 2163 1673 2197 exarata

179 2230 256 2267 fuit
287 2242 526 2272 ιψΑτιΑκοοιοι,
557 2227 701 2267 videor
730 2227 825 2265 mihi
850 2227 959 2265 viam
986 2226 1200 2279 dispicere,
1233 2242 1314 2281 qua
1343 2230 1383 2268 in
1412 2243 1523 2277 eam,
1551 2243 1670 2282 quam

178 2300 271 2339 libri
302 2299 487 2347 offerunt,
518 2299 688 2337 formam
708 2297 871 2337 abierit:
904 2313 1212 2339 mmmmm-meon.
1265 2301 1355 2339 Nec
1378 2301 1431 2340 ad
1457 2315 1545 2340 eam
1572 2315 1670 2349 rem,

179 2371 436 2425 quantumvis
473 2369 710 2417 levidense,
760 2368 1075 2418 incommodum,
1107 2370 1231 2423 quod
1267 2371 1374 2424 apud
1419 2371 1672 2411 Macrobium

179 2444 207 2482 l.
232 2457 266 2481 c.
298 2455 369 2494 pro
401 2435 662 2491 ψαμμακόσιοι
689 2441 730 2479 in
751 2441 937 2480 Parisino
967 2456 1211 2479 zrsumxotcm
1246 2442 1471 2483 exhibetur.
1514 2443 1672 2496 Quodsi

179 2516 259 2553 iam
299 2518 340 2552 et
376 2511 554 2551 scribere
591 2517 632 2550 et
664 2512 855 2564 supplere
884 2514 1040 2552 initium
1071 2514 1288 2565 fragmenti
1315 2514 1393 2553 hoc
1424 2515 1542 2554 modo
1574 2515 1670 2554 lice—

178 2584 256 2623 bit:
304 2586 417 2622 Nunc
460 2585 658 2634 confluunt
701 2579 976 2634 ψαμμακόσιοι
1016 2587 1156 2623 edones
1188 2581 1374 2634 Romam,
1420 2600 1492 2625 sua
1527 2593 1671 2639 sponte

179 2668 284 2708 quae
316 2659 537 2706 sequuntur
565 2653 788 2703 integritati
817 2653 1060 2693 redduntur:
1092 2656 1278 2694 nimirum
1306 2656 1378 2694 illa
1409 2655 1459 2694 ab
1491 2656 1554 2694 his
1577 2657 1671 2695 olim

180 2725 508 2778 excipiebantur:
537 2731 578 2762 ul
603 2727 642 2762 in
671 2727 765 2763 urbe
794 2728 1232 2765 incendanrannonam.
1278 2728 1396 2765 Haec
1424 2733 1466 2765 ut
1495 2731 1533 2765 in
1562 2730 1669 2774 urbe,

178 2811 283 2851 quae
316 2810 365 2836 ex
393 2796 474 2835 illis
505 2800 548 2833 ul
575 2797 689 2834 turba
719 2795 862 2844 elicui,
903 2802 943 2835 et
971 2798 1077 2836 omni
1108 2797 1312 2836 sententia
1342 2803 1383 2836 et
1413 2797 1461 2836 fr.
1491 2798 1534 2836 X
1564 2798 1670 2836 simi-

177 2868 347 2907 litudine
378 2868 598 2906 firmantur.
644 2853 826 2906 Adiuvat
855 2872 1082 2925 praeterea,
1115 2867 1222 2920 quod
1250 2868 1291 2905 in
1313 2866 1427 2906 libris
1458 2871 1670 2915 intendant,

177 2953 257 2977 non
297 2939 404 2991 quod
442 2944 535 2990 post
569 2938 823 2989 scaligerum
854 2938 944 2977 aliis
974 2939 1128 2991 placuit
1159 2942 1331 2978 intendat
1358 2938 1519 2989 legitur.
1579 2940 1671 2978 Hoc
