1898 3236
783 249 1128 283 communes.
1645 241 1690 282 81

209 358 304 397 libri
347 357 470 409 (Non.
498 371 539 410 p.
573 363 658 405 112,
687 356 750 409 22)
785 358 826 396 e't
860 356 902 395 in
928 356 1019 395 loco
1048 355 1243 394 Varronis
1274 359 1316 393 et
1342 355 1384 392 in
1411 354 1602 393 lemmate
1632 368 1700 393 ex-

210 429 372 468 hibent:
410 429 511 478 faxs
542 441 619 477 pro
649 428 761 476 face:
800 433 845 465 ut
872 426 981 465 idem
1010 425 1216 465 scribendi
1245 438 1374 476 genus
1403 424 1519 463 reddi
1553 424 1702 463 debeat

211 500 272 546 iis,
305 512 406 552 quos
434 498 490 537 ibi
517 498 908 551 praetereaNonius
938 497 1050 535 locos
1072 496 1268 535 Varronis
1286 496 1451 543 citavit.
1507 495 1701 547 Spineam

211 571 344 617 facem
381 583 454 622 pro
490 570 613 621 pinea
640 568 830 607 inferenti
859 567 1070 618 Scaligero
1100 568 1142 606 in
1173 566 1448 606 coniectanois
1475 580 1516 619 p.
1546 572 1593 608 28
1620 580 1702 604 non

213 647 275 679 est
303 640 411 695 quod
437 639 775 692 obtemperemus,

323 751 596 784 Kocuororrnnc
635 744 684 782 fr.
709 753 731 785 5
761 745 820 783 sic
848 743 1036 783 scribitur
1057 745 1099 782 in
1128 743 1242 783 libris
1276 742 1400 795 (Non.
1428 756 1469 795 p.
1495 749 1586 791 538,
1617 741 1700 794 17):

211 823 298 866 toqa
333 823 459 855 tracta
496 821 553 854 est
579 821 615 853 et
650 818 774 854 abolla
802 818 894 854 dala
925 823 981 854 est
1010 819 1062 854 ad
1091 808 1260 862 turbam,
1293 816 1359 852 ubi
1384 826 1475 852 sera
1504 816 1637 852 militia
1661 817 1700 852 in

209 899 372 926 munera
407 889 495 926 velli
527 891 570 924 ut
600 893 884 935 praestarem·
919 887 969 925 In
1007 900 1085 939 quo
1124 889 1212 924 belli
1247 884 1424 939 correxit
1459 884 1620 932 Iunius,
1667 886 1701 923 si

209 957 328 996 modo
369 970 419 996 ea
457 959 654 997 eorrectio
685 963 763 997 est‘
784 957 972 998 dicenda.
1031 958 1082 996 In
1110 957 1277 1010 reliquis
1305 955 1405 1004 nihil
1432 954 1550 1007 probi
1580 969 1700 995 exco-

208 1029 380 1080 gitatum
410 1033 472 1068 est
502 1042 526 1068 a
555 1030 725 1069 criticis:
761 1029 884 1069 -velut
911 1028 1124 1068 Palmerii:
1165 1034 1190 1066 t.
1222 1031 1398 1066 detracta
1431 1033 1487 1064 est
1524 1033 1560 1064 et
1595 1040 1630 1064 a.
1661 1029 1698 1065 d.

207 1105 264 1137 est
291 1103 344 1138 ad
370 1102 499 1138 tubam
524 1102 618 1139 mihi
658 1099 743 1152 (vel
772 1103 861 1150 ibi),
898 1102 990 1150 fera
1029 1102 1180 1138 militiai
1206 1110 1391 1144 munera,
1432 1097 1501 1135 vel
1533 1096 1701 1136 Oehleri

208 1171 436 1210 inventum:
469 1175 522 1210 ad
550 1173 700 1210 turbam
726 1174 788 1218 ivi,
819 1183 910 1209 sera
929 1173 1061 1209 militia
1080 1182 1266 1209 munera.-
1295 1169 1374 1207 nisi
1400 1168 1510 1222 quod
1536 1172 1575 1207 in
1606 1174 1699 1207 ante

171 1228 370 1281 ‘munera
400 1249 511 1282 recte
540 1243 601 1283 illi
636 1242 903 1281 abstulerunt.
953 1241 1056 1281 Mihi
1084 1255 1237 1290 verum,
1275 1241 1430 1293 opinor,
1463 1239 1698 1279 inveniendi

208 1315 315 1353 viam
359 1314 463 1353 illud
511 1314 688 1368 aperuit,
735 1313 843 1367 quod
890 1313 1143 1366 anapaestici
1187 1312 1422 1366 systematis
1477 1310 1698 1362 particulas
1739 1327 1743 1335 ·

208 1399 485 1437 agnoscerem.
524 1385 630 1425 Vide
663 1385 768 1424 enim
797 1384 906 1422 hunc
933 1398 1118 1423 versum:
1162 1414 1170 1422 .
1203 1389 1289 1432 toya
1320 1388 1483 1421 tractast
1509 1389 1545 1420 et
1575 1385 1698 1438 abolla

208 1461 337 1496 datast
366 1459 452 1497 sive
482 1457 613 1496 mavis
643 1469 732 1494 cum
760 1454 986 1493 Palmerio:
1039 1457 1142 1504 Toya
1172 1457 1385 1492 detractast
1414 1460 1449 1491 et
1480 1456 1603 1492 abolla
1630 1457 1698 1492 da-

208 1534 285 1566 tast
321 1534 362 1566 et
403 1529 606 1579 integrum
649 1526 969 1579 paroemiacum:
1016 1527 1183 1563 Munera
1234 1526 1322 1562 belli
1365 1530 1405 1562 m
1436 1532 1696 1573 praestarem.

210 1599 327 1650 Quae
366 1600 399 1638 si
426 1612 507 1637 non
542 1597 709 1636 fallacia
738 1602 830 1635 sunt
859 1596 1031 1645 indicia,
1070 1597 1192 1635 etiam
1222 1608 1328 1648 quae
1358 1595 1494 1634 media
1520 1601 1613 1633 sunt
1642 1596 1700 1633 ita

211 1670 357 1720 corrigi
397 1668 569 1717 debent,
606 1673 650 1706 ut
690 1666 844 1706 eisdem
876 1667 1052 1706 numeris
1092 1668 1356 1707 conveniant:
1387 1680 1488 1720 quos
1518 1680 1594 1717 ego
1627 1666 1696 1705 ad-

208 1741 424 1792 stipulante
451 1739 653 1779 sententia
681 1738 740 1776 sic
767 1751 984 1790 recupero:
1024 1741 1077 1777 ad
1104 1740 1254 1776 turbam
1283 1741 1336 1776 ibi
1356 1739 1439 1788 fert
1467 1749 1526 1775 me
1554 1740 1699 1776 militia.

210 1811 265 1849 Ut
291 1811 370 1849 iam
402 1812 634 1855 continuum
660 1809 738 1848 hoc
770 1814 952 1861 systema
974 1807 1154 1859 legatur:

412 1935 546 1987 [Tum]
579 1936 665 1984 to'ya
694 1939 858 1973 tractast
881 1939 918 1971 et
947 1934 1072 1971 abolla
1102 1936 1252 1972 datast.-

409 2009 470 2044 Ad
495 2008 646 2045 tt'crbam
673 2008 728 2044 ibi
750 2006 833 2054 fert
862 2015 920 2041 me
949 2003 1126 2055 militia»

409 2079 578 2115 Mune'ra
608 2079 695 2114 belli
720 2081 763 2113 ut
783 2075 1043 2123 praestdrem.

206 2201 400 2239 Traditur
438 2215 487 2240 ex
529 2201 672 2239 eadem
713 2205 851 2238 satura
880 2198 1052 2236 alterum
1082 2204 1263 2250 systema
1291 2202 1598 2252 anapaesticum
1629 2202 1695 2254 (fr.

204 2271 259 2323 8),
291 2271 399 2323 quod
425 2271 650 2311 Gulielmus
681 2270 847 2322 agnovit
876 2269 918 2306 in
944 2268 1230 2307 verisimilibus
1252 2270 1275 2308 I
1297 2277 1320 2312 3
1351 2270 1534 2323 (Gruteri
1553 2274 1696 2325 Lamp.

206 2342 272 2380 III
293 2356 334 2393 p.
357 2341 458 2393 250),
484 2340 553 2378 ubi
573 2340 691 2379 simul
717 2341 765 2379 fr.
787 2347 811 2380 4
837 2340 879 2378 in
908 2339 1008 2378 duos
1037 2339 1228 2378 dimetros
1258 2343 1542 2393 anapaesticos
1565 2344 1697 2383 distri-

205 2412 303 2450 buit.
348 2413 398 2450 In
424 2411 518 2459 illis,
549 2424 650 2463 quos
667 2423 742 2461 ego
758 2423 865 2449 nunc
886 2410 1039 2458 addidi,
1070 2413 1301 2462 anapaestis
1319 2427 1422 2452 unus
1444 2415 1566 2453 etiam
1587 2428 1696 2454 scru-

207 2482 324 2534 pulus
349 2487 489 2530 restat,
522 2495 642 2537 quem
669 2480 895 2520 tribrachus
921 2481 1054 2520 finalis
1083 2484 1217 2520 militia
1245 2483 1376 2523 affert.
1424 2484 1499 2524 Cui
1528 2486 1563 2523 si
1587 2485 1699 2524 nulla

208 2559 271 2591 est
299 2553 342 2591 in
369 2552 503 2591 medio
534 2560 757 2606 systemate
787 2552 996 2591 excusatio
1017 2558 1173 2604 parata,
1204 2553 1345 2592 licebit
1367 2554 1446 2593 hac
1475 2556 1696 2607 transposi-

205 2624 315 2662 tione
337 2623 491 2662 mederi
518 2623 792 2663 incommodo:
820 2622 956 2662 militia
980 2628 1024 2661 ut
1040 2624 1209 2662 Mune'ra
1232 2627 1320 2663 belli
1333 2627 1593 2673 praestdrem.
1636 2627 1699 2664 Ea

206 2695 312 2733 enim
356 2694 557 2746 particula
604 2699 771 2745 propter
807 2695 1042 2747 systematis
1089 2695 1394 2733 continuitatem
1432 2696 1533 2734 nihil
1572 2697 1696 2735 offen-

206 2765 330 2802 sionis
370 2765 412 2803 in
447 2766 558 2804 exitu
597 2764 791 2803 versiculi
827 2764 965 2804 habet.
1025 2765 1142 2817 Quae
1170 2773 1386 2817 praeterea
1411 2767 1561 2805 mutavi
1589 2767 1699 2805 levia

207 2842 318 2874 sunt:
348 2839 413 2874 ubi
442 2835 599 2874 correxi
628 2835 670 2872 in
695 2836 749 2871 ibi
782 2840 822 2873 et
850 2848 871 2873 e
895 2837 988 2885 sera
1011 2836 1168 2874 restitui
1196 2836 1289 2884 fert.
1321 2848 1378 2873 me
1409 2843 1556 2884 autem,
1590 2837 1698 2889 quod

207 2911 302 2944 ante
329 2909 462 2944 militia
495 2907 683 2944 omissum
716 2912 799 2954 est,
837 2919 919 2944 non
947 2907 1112 2957 gravius
1143 2920 1263 2958 quani
1289 2914 1382 2945 ante
1414 2920 1575 2945 munera
1606 2907 1695 2946 illa-

273 2973 450 3014 numu,
476 2973 585 3006 Com.
605 2984 643 3006 [Ν
664 2974 783 3005 VARR.
803 2982 883 3006 ss‘r.
1402 2975 1426 3013 6
