1898 3236
771 289 1113 320 comncTANEA.
1611 281 1628 319 1
1641 279 1690 319 15

199 402 269 438 419
299 410 382 450 sq.;
422 395 648 448 praemissa
679 401 816 434 autem
845 394 997 447 duplici
1026 407 1046 432 s
1078 394 1225 433 initiali
1252 405 1280 436 e,
1302 393 1440 432 littera
1462 393 1520 438 *ad
1547 393 1589 432 id
1619 406 1691 444 ge-

199 477 274 502 nus
303 466 493 516 pertinet,
525 466 634 519 quod
661 467 822 518 saepius
845 466 980 516 tetigi:
1010 466 1094 511 vid.
1115 480 1156 518 p.
1177 472 1234 507 28.
1255 471 1313 507 49.
1347 465 1550 505 Graecam
1571 477 1689 504 accu-

200 536 321 574 sativi
347 537 517 577 formam
546 538 656 592 quod
681 538 892 589 Roeperus
917 536 1060 576 ductus
1079 536 1150 575 ille
1171 536 1335 589 quidem
1354 536 1536 584 metrica,
1569 549 1691 646 (eam

200 607 308 645 infra
333 607 485 657 dicam,
522 609 679 648 ratione
717 608 903 656 sustulit,
940 621 1084 660 parum
1119 606 1373 646 considerate
1402 607 1486 657 egit
1515 607 1557 644 in

199 691 318 727 rone,
335 680 441 731 qui,
479 686 524 719 ut
551 693 684 732 pauca
713 679 763 718 de
798 678 933 717 multis
965 677 1153 726 delibem,
1186 677 1328 716 maluit
1355 664 1498 717 Attices
1521 680 1691 727 philoso-

1626 620 1688 645 al·-

196 751 330 797 phiae‚
369 752 538 790 choream
576 754 763 796 astricem
797 753 1002 799 physicen,
1044 751 1227 798 Delphice
1262 752 1458 796 columna,
1501 752 1690 800 Odyssian

201 833 322 872 quam
358 822 578 862 earundem
611 834 756 861 vocum
791 822 941 860 formas
980 820 1128 859 latinas
1161 820 1318 859 efferre.
1378 825 1537 861 movisse
1566 821 1691 861 libro-

200 904 287 929 rum
325 905 414 930 cum
451 899 559 931 stare
589 899 790 945 nequeat,
839 892 1047 947 Scaliger,
1094 906 1173 945 quo
1206 891 1307 930 nihil
1335 893 1557 944 proclivius
1589 899 1689 941 erat,
1755 925 1758 929 ,

200 966 384 1001 moenisse
421 963 622 1015 reposuit,
662 969 706 1000 ut
742 959 783 1001 in
823 963 942 1002 simili
975 976 1100 1001 causa
1138 962 1247 1002 idem
1283 963 1415 1008 Varro
1452 966 1544 1004 loco
1583 966 1691 1004 infra

201 1033 383 1073 citando:
415 1037 624 1072 dextimam
654 1041 751 1072 viam
782 1038 903 1073 munit
929 1037 1136 1083 Epicurus.
1164 1080 1166 1082 Ι
1196 1033 1286 1072 Nec
1318 1034 1427 1086 quod
1455 1034 1512 1074 ibi
1538 1035 1691 1074 nullum

199 1106 242 1143 in
267 1105 382 1144 libris
413 1105 650 1157 antiquioris
680 1106 904 1158 scripturae
925 1094 1142 1156 uestigium
1169 1112 1353 1157 apparet,
1386 1118 1579 1158 usp-’nere
1601 1119 1690 1145 eam

199 1181 336 1214 nostro
368 1176 457 1214 loco
493 1175 670 1215 debebat
709 1176 940 1227 Roeperus,
981 1178 1049 1229 qui
1092 1177 1181 1228 ipse
1220 1190 1301 1216 non
1341 1177 1486 1216 inscite
1524 1178 1691 1231 quidem

201 1249 385 1284 molivisse
427 1247 695 1297 excogitavit,
743 1247 807 1305 qui
840 1252 976 1286 tamen
1005 1247 1108 1285 illud
1138 1253 1178 1286 et
1205 1261 1283 1287 usu
1313 1254 1354 1287 et
1379 1249 1542 1287 notione
1571 1261 1689 1300 prae-

201 1323 309 1355 stare
346 1316 538 1376 arbitror:
585 1330 634 1354 ac
661 1323 789 1356 metro
827 1322 989 1368 poterat
1013 1317 1116 1356 haec
1147 1318 1277 1356 forma
1307 1322 1529 1358 moenivisse
1560 1332 1691 1372 aeque

201 1402 249 1427 ac
279 1391 466 1427 molivisse
497 1387 807 1427 accommodari.
854 1387 992 1439 Atque
1021 1388 1125 1427 haec
1149 1389 1312 1441 quidem
1330 1404 1426 1442 pars
1449 1392 1690 1440 sententiae,

202 1473 305 1512 quae
330 1466 392 1498 est
423 1459 473 1497 de
506 1460 692 1511 Zenone,
723 1459 847 1511 plana
880 1472 927 1497 ac
951 1451 1176 1511 'perspicua
1205 1466 1289 1502 est:
1321 1473 1370 1500 eo
1399 1462 1528 1512 magis
1559 1461 1690 1514 impli-

203 1536 295 1568 cata
328 1530 459 1568 altera
488 1530 538 1570 de
571 1529 798 1570 Carneade.
857 1530 1021 1568 Etenim
1050 1533 1298 1570 desubulasse
1327 1546 1423 1571 num
1453 1546 1595 1572 verum
1625 1534 1690 1581 sit,

202 1606 243 1639 et
271 1601 305 1638 si
335 1613 487 1649 verum,
513 1601 617 1654 quid
647 1601 821 1639 maxime
851 1600 1065 1651 significet,
1097 1602 1325 1654 ambigitur.
1378 1604 1443 1642 De
1473 1602 1544 1640 illo
1574 1601 1691 1640 nobis

202 1671 325 1710 otium
354 1672 454 1710 fecit
484 1671 717 1723 Roeperus,
752 1672 822 1725 qui
851 1674 1097 1722 desubulasse
1129 1679 1271 1712 contra
1301 1674 1501 1724 Scaligeri
1530 1676 1692 1712 desabu-

200 1728 300 1780 lasse
338 1743 503 1795 copiose
543 1741 763 1795 defenditzp
787 1744 865 1782 nisi
901 1742 1010 1795 quod
1043 1742 1094 1782 de
1124 1743 1292 1783 sabulae
1323 1758 1398 1783 usu
1429 1745 1481 1783 ad
1509 1750 1691 1784 sternen-

202 1812 294 1851 dam
325 1804 489 1851 humum
510 1813 582 1852 >vel
607 1814 696 1852 vias
725 1814 951 1866 paviendas
979 1815 1151 1853 erravit:
1184 1816 1236 1853 cf.
1267 1816 1462 1855 Varronis
1492 1822 1592 1864 TAqm
1619 1822 1692 1854 Mn—

201 1898 333 1921 Νιπηογ
364 1884 414 1923 fr.
440 1890 497 1924 21.
557 1885 775 1924 Notionem
813 1891 948 1924 autem
979 1871 1233 1925 desubulandi
1261 1901 1405 1939 parum
1436 1889 1622 1940 apposite
1653 1894 1694 1927 et

133 1983 137 1987 .
198 1960 243 1993 ut
278 1968 330 1993 ne
367 1954 442 2004 sibi
474 1955 637 2008 quidem
673 1957 752 2008 ipsi
792 1956 1024 1995 constitisse
1063 1950 1252 1995 videatur
1294 1957 1500 2009 explicuit.
1560 1959 1691 1998 Recte

201 2025 252 2064 de
286 2026 455 2065 subulae
487 2026 618 2065 forma
647 2033 689 2066 et
718 2041 793 2067 usu
831 2027 910 2065 hoc
942 2040 964 2065 e
993 2029 1235 2067 testimoniis
1266 2027 1507 2080 quibusdam
1540 2031 1690 2078 elicuit,

199 2098 509 2137 instrumentum
539 2098 666 2137 fuisse
695 2111 716 2136 e
741 2111 891 2148 genere
914 2084 1183 2137 mai-culorum
1203 2098 1271 2137 vel
1292 2099 1541 2148 malleorum,
1571 2114 1690 2152 prae—

200 2174 363 2206 acutum
399 2174 440 2207 et
475 2173 691 2207 rostratum
721 2182 768 2206 ac
796 2168 884 2206 fere
910 2168 963 2206 ad
990 2168 1159 2207 subulae
1186 2169 1364 2208 sutoriae
1391 2171 1692 2212 similitudinem

201 2238 425 2286 accedens,
462 2253 540 2291 quo
577 2244 786 2277 uterentur
824 2239 877 2276 ad
912 2239 1111 2277 dolandos
1139 2238 1321 2291 lapides,
1354 2247 1572 2295 antequam
1597 2256 1690 2294 pos-

200 2314 292 2347 sent
322 2307 509 2358 levigari.
571 2310 702 2361 Quem
733 2309 895 2364 quidem
925 2323 1041 2348 usum
1071 2309 1251 2357 subulae,
1284 2324 1363 2363 quo
1390 2326 1549 2352 omnem
1576 2327 1691 2352 suam

200 2380 287 2429 regi
331 2379 644 2430 explicationem
685 2381 1081 2433 Roeperus-voluit,
1128 2383 1186 2421 ita
1231 2395 1426 2432 agnosco,
1477 2390 1521 2422 ut
1557 2385 1697 2437 quivis

201 2449 318 2497 alius,
352 2450 584 2502 cui‘aptum
618 2452 669 2490 sit
696 2452 1027 2501 instrumentum,
1059 2467 1141 2492 non
1171 2453 1435 2492 excludatur:
1462 2452 1690 2504 iisdemque

202 2519 347 2561 finibus
382 2521 462 2579 vjm
494 2521 765 2561 desubulandi
795 2523 1072 2563 circumscribi
1101 2530 1284 2577 oportet,
1329 2530 1374 2562 ut
1400 2523 1481 2561 iam
1507 2522 1558 2561 de
1589 2527 1688 2561 ster-

201 2591 336 2630 nenda
374 2590 443 2630 vel
490 2592 787 2645 complananda
823 2595 892 2633 via
931 2596 1099 2646 cogitari
1133 2607 1213 2633 non
1249 2593 1409 2633 debeat.
1437 2610 1445 2616 ·
1477 2593 1690 2644 Roeperus

203 2663 324 2700 etiam
348 2662 472 2701 Nonii
499 2663 811 2714 explicationem
836 2678 928 2705 esse
951 2665 1215 2705 reficiendam
1244 2665 1403 2716 putavit
1427 2663 1690 2701 ‘desubulare’

194 2734 428 2783 perfodere,
471 2747 592 2786 quam
627 2740 696 2773 aut
734 2733 870 2775 errore
898 2737 1023 2776 Nonii
1056 2742 1185 2775 ortam
1211 2742 1279 2774 aut
1308 2746 1493 2774 mancam
1522 2738 1593 2771 aut
1619 2732 1688 2771 de-

200 2810 413 2856 pravatam
451 2817 542 2843 esse
578 2794 806 2844 arbitratur.
867 2806 984 2857 Quae
1016 2806 1158 2859 reponi
1193 2805 1339 2845 suadet
1383 2806 1582 2853 perpolire
1619 2803 1688 2842 vel

165 2884 173 2888 ⁷
193 2877 426 2924 perdolere,
460 2889 509 2914 ea
538 2881 581 2913 ut
600 2888 663 2936 ⁸ne
693 2875 819 2927 ipsius
851 2876 1014 2928 quidem
1045 2877 1307 2929 explicationi
1334 2875 1599 2924 convflniunt,
1630 2876 1688 2913 ita

198 2951 351 2985 temere
384 2946 526 2985 inferri
564 2946 661 2985 mihi
696 2945 905 2993 videntur,
944 2960 1035 2986 cum
1067 2955 1108 2986 et
1138 2948 1266 2999 possit
1294 2948 1525 2985 desubulare
1552 2947 1687 2997 perfo-

163 3042 190 3068 ο
319 3034 329 3039 ”
1273 3054 1275 3057 ,
1361 3012 1416 3052 8*
