1898 3236
334 199 413 240 192
902 206 1245 239 CONIEOTANEA.

331 312 547 352 creduntur
561 311 686 350 titulis
704 312 848 351 ascivit
865 325 948 360 eos,
967 324 1136 364 quorum
1153 317 1309 364 partem
1327 324 1450 364 supra
1465 323 1505 363 p.
1524 315 1591 352 168
1600 323 1690 363 sqq,
1709 324 1813 351 com-

329 383 465 435 posui,
502 396 580 435 quo
609 383 834 421 Varronem
865 381 1036 421 subinde
1068 395 1089 421 e
1121 381 1370 422 Graecorum
1394 380 1605 432 tragoedia
1631 394 1705 420 sua
1734 381 1814 421 dis·

331 455 500 492 tinxisse
528 452 724 504 opuscula
754 453 1010 492 affirmarem.
1062 453 1243 505 Quorum
1273 465 1362 491 cum
1390 452 1584 491 nonnulla
1613 465 1725 492 mera
1755 453 1813 492 in-

331 523 549 575 scriptione
591 521 768 574 aliquam
807 537 897 562 cum
929 523 1142 575 tragoedia
1184 536 1334 574 graeca
1366 523 1604 562 affinitatem
1636 523 1813 563 subindi-

332 599 443 641 cent,
478 594 518 631 in
549 598 783 632 Eumsmnmus
812 580 933 633 etiam
964 608 986 633 e
1013 594 1194 646 reliquiis
1224 593 1359 633 studui
1384 594 1567 646 proferre
1599 594 1813 646 quaedam,

330 677 435 716 quae
461 663 513 701 ad
538 663 797 716 Aeschyleae
829 665 1065 717 tragoediae
1096 664 1394 704 similitudinem
1423 665 1606 704 instituta
1628 657 1813 705 videren-

329 740 406 773 tur.
468 734 584 785 Quae
609 733 643 771 si
673 734 834 773 fuerunt
862 735 966 774 inter
992 736 1084 775 illas
1110 739 1496 786 pseudotraqoedias‚
1528 750 1650 788 aegre
1685 737 1814 776 credi-

330 804 411 843 bile
443 810 516 853 est,
548 804 588 842 id
616 805 726 856 quod
750 806 998 845 Ritschelius
1027 806 1114 859 ipse
1144 805 1309 854 indicat,
1341 808 1492 846 nomini
1519 808 1689 847 alteram
1707 821 1813 863 quae

331 881 608 926 argumentum
650 875 847 915 indicaret
899 877 1201 929 inscriptionem
1255 877 1295 915 in
1348 879 1590 917 consortium
1636 878 1815 917 additam

299 988 303 994 ⁸
330 946 470 984 fuisse.
529 946 723 985 Attamen
750 947 882 985 fatcor
909 961 972 986 me
1002 947 1102 986 nihil
1133 947 1357 998 argumenti
1383 948 1626 1000 repperisse,
1658 961 1737 1000 quo
1765 947 1812 987 il-

329 1016 409 1054 lam
439 1010 652 1055 Ritschelii
677 1017 940 1068 suspitionem
967 1023 1037 1056 aut
1066 1016 1342 1056 confirinarem
1372 1024 1440 1056 aut
1468 1018 1711 1057 refellerem.
1732 1005 1741 1013 Ν
1765 1019 1812 1058 In

330 1086 481 1124 incerto
513 1091 646 1125 autem
672 1086 764 1124 dum
793 1086 870 1125 hoc
899 1087 1095 1140 relinquo,
1126 1087 1302 1126 nondum
1331 1087 1424 1126 ilico
1458 1088 1628 1127 alterum
1659 1089 1710 1128 de
1741 1089 1813 1128 du-

330 1156 425 1208 plici
455 1161 661 1195 Eumnmnum
693 1158 954 1209 inscriptione
985 1157 1081 1195 mihi
1111 1157 1273 1210 quidem
1301 1157 1640 1197 certins‘evadit:
1674 1172 1812 1212 quem-

330 1226 557 1275 admodum,
582 1227 689 1279 quod
713 1240 835 1279 supra
856 1228 1094 1278 significavi,
1117 1229 1307 1267 universa
1330 1228 1403 1267 illa
1424 1242 1544 1282 quam
1564 1222 1812 1267 Mercklinus

330 1312 417 1336 cum
455 1298 587 1337 studio
625 1303 861 1349 persecutus
901 1303 963 1336 est
1004 1298 1053 1337 de
1090 1298 1399 1351 Menippearum
1426 1299 1553 1339 titulis
1582 1299 1685 1338 ratio
1712 1299 1843 1338 mul-⁸

328 1375 412 1407 tum
442 1368 578 1417 abest,
619 1374 662 1407 ut
699 1369 805 1407 omni
835 1368 1086 1407 dubitatione
1115 1375 1303 1421 exempta
1331 1369 1542 1409 habeatur.
1601 1371 1690 1409 Nec
1718 1370 1812 1409 volo

329 1454 404 1478 nec
445 1453 607 1492 possum
651 1452 757 1477 nunc
803 1439 907 1478 hanc
948 1452 1110 1478 causam
1154 1453 1257 1492 quae
1298 1446 1360 1479 est
1395 1440 1445 1479 de
1488 1439 1614 1479 titulis
1656 1445 1810 1479 satura-

330 1523 414 1547 rum
453 1509 584 1563 deque
626 1510 944 1548 internoscendis
977 1510 1122 1549 saturis
1149 1516 1190 1549 et
1213 1510 1456 1561 logistoricis
1485 1510 1605 1562 plene
1633 1515 1810 1563 pertrac-

329 1586 436 1628 tare,
468 1581 540 1619 scd
572 1595 622 1619 ne
651 1595 715 1620 res
746 1595 819 1633 per
846 1595 890 1620 se
916 1582 1014 1620 satis
1044 1581 1202 1620 lubrica
1233 1595 1281 1620 ac
1310 1594 1507 1634 perquam
1525 1581 1721 1634 impedita
1739 1581 1810 1620 im-

329 1650 603 1701 probabilibus
641 1651 709 1689 vel
750 1651 864 1689 falsis
903 1651 1155 1703 opinionibus
1195 1653 1316 1691 etiam
1353 1651 1482 1703 magis
1523 1652 1837 1705 implicaretur,

331 1734 506 1772 sequens
551 1709 839 1773 pedetemptim
875 1721 1091 1760 Mercklini
1130 1722 1442 1774 disputationem
1483 1724 1687 1774 proferam
1719 1722 1809 1762 bre-

330 1791 455 1839 viter,
504 1805 609 1843 quae
638 1791 803 1843 probari
832 1792 872 1830 in
903 1793 981 1830 illis
1012 1793 1168 1843 possint
1199 1798 1238 1831 ct
1268 1791 1490 1845 quae'meo
1516 1793 1678 1847 quidem
1708 1793 1809 1832 iudi·
1860 1843 1864 1851 ¹.

330 1861 391 1899 cio
422 1868 490 1900 aut
520 1876 714 1914 perquam
745 1862 932 1913 ambigua
962 1868 1031 1900 aut
1060 1863 1291 1901 reiectanea
1317 1862 1544 1903 videantur.
1644 1850 1646 1854 .

442 1933 551 1983 Ergo
586 1933 755 1985 primum
793 1937 930 1972 omnes
966 1933 1034 1986 qui
1071 1933 1178 1985 apud
1215 1932 1437 1972 Oehlerum
1471 1932 1671 1972 habentur
1700 1939 1809 1972 satua

329 2017 461 2042 rarum
494 2004 803 2056 Menippearum
841 2004 1062 2055 nonaginta
1100 2009 1256 2056 septem
1291 2017 1456 2042 numero
1493 2002 1631 2041 titulos
1667 2016 1807 2041 recen·
1850 2047 1852 2051 Ι

329 2075 408 2113 suit
438 2080 478 2113 et
505 2076 546 2114 iu
573 2077 749 2129 quinque
777 2089 930 2126 genera
960 2074 1180 2123 distribuit,
1211 2087 1347 2113 eorum
1378 2074 1448 2127 qui
1477 2073 1623 2124 integri
1652 2073 1810 2114 duabus

329 2145 510 2196 partibus
547 2151 753 2193 constant,
793 2145 952 2184 nomine
988 2146 1056 2185 vel
1090 2145 1304 2198 proverbio
1341 2145 1426 2184 sive
1457 2157 1605 2196 graeco
1633 2144 1720 2184 sive
1749 2144 1807 2183 la-

328 2217 426 2264 tino,
458 2222 499 2255 et
525 2217 750 2268 argumenti
779 2216 956 2254 indiculo
979 2220 1210 2256 constanter
1229 2229 1378 2266 graeco
1400 2212 1488 2266 περὶ
1509 2214 1808 2267 praepositione

328 2287 565 2338 praemissa,
599 2287 746 2327 deinde
781 2287 930 2336 eoru'm,
966 2300 1134 2339 quorum
1161 2291 1229 2325 aut
1252 2287 1361 2338 prior
1391 2292 1546 2325 tantum
1575 2299 1693 2338 pars,
1721 2286 1808 2324 sive

328 2371 475 2396 nomen
511 2360 598 2409 sive
636 2358 892 2411 proverbium
927 2357 995 2397 vel
1032 2370 1222 2407 graecum
1265 2356 1331 2395 vel
1375 2356 1544 2395 latinum
1583 2354 1807 2419 cpmplexa,

329 2433 397 2466 aut
434 2430 632 2480 posterior
669 2435 822 2468 tantum
860 2428 1010 2468 tradita
1042 2433 1123 2476 est,
1163 2428 1250 2466 sive
1278 2440 1328 2465 ea
1355 2438 1502 2476 graece
1531 2430 1809 2476 argumentum

267 2486 273 2494 ¹
328 2498 511 2537 indicans
542 2500 628 2538 sive
657 2500 795 2539 latine.
842 2486 978 2552 Atque
1005 2498 1055 2537 ab
1083 2499 1145 2536 his
1165 2497 1377 2550 postremis
1398 2495 1678 2547 proficiscitur,
1709 2507 1806 2547 quo-

329 2581 415 2606 rum
452 2569 530 2607 tria
567 2570 753 2622 exempla
783 2575 941 2617 extant,
981 2572 1027 2607 de
1059 2571 1309 2614 nomismatis,
1340 2570 1386 2606 de
1418 2568 1545 2616 officio
1575 2568 1723 2612 mariti,
1761 2568 1808 2613 de

327 2641 460 2686 salute,
493 2652 599 2691 quae
629 2645 711 2678 tam
742 2653 766 2678 a
789 2653 898 2678 more
922 2645 1147 2679 saturarum
1176 2638 1383 2687 recedant,
1415 2651 1534 2690 quam
1562 2636 1614 2675 ad
1641 2636 1813 2686 logisto--
1854 2658 1864 2669 ι

327 2708 499 2747 ricorum
536 2711 712 2748 rationes
749 2696 931 2762 proxime
960 2709 1173 2748 accedant.
1233 2709 1370 2762 Quare
1399 2722 1451 2748 ne
1479 2720 1585 2760 quae
1617 2706 1667 2745 de
1697 2710 1804 2753 satu-

330 2791 462 2816 rarum
498 2779 900 2833 logistoricorumque
941 2779 1236 2819 discriminibus
1270 2781 1367 2818 satis
1403 2777 1664 2831 probabiliter
1700 2788 1804 2813 com-

328 2851 460 2899 posita
499 2853 603 2899 sint,
644 2865 778 2890 rursus
818 2851 1038 2899 diluantur,
1083 2851 1176 2900 illos
1212 2851 1379 2902 primum
1415 2849 1552 2887 titulos
1589 2847 1804 2899 profligare
