1898 3236
886 871 966 924 IV

292 1020 408 1058 Mitto
450 1033 557 1058 nunc
593 1019 730 1072 plura,
766 1031 872 1072 quae
899 1018 951 1057 de
978 1018 1052 1062 illa
1081 1023 1123 1056 et
1152 1017 1244 1055 aliis
1269 1015 1416 1054 saturis
1448 1029 1471 1053 e
1498 1015 1666 1053 metrico

177 1103 328 1140 genere
368 1090 571 1131 monenda
605 1090 829 1142 aliquando
861 1095 1039 1129 restent:
1077 1094 1123 1128 ut
1155 1088 1294 1141 paullo
1333 1087 1549 1139 largiorem
1578 1099 1666 1124 ver-

176 1174 292 1199 suum
322 1175 514 1211 messem,
544 1176 665 1215 quam
695 1163 738 1201 in

770 1222 904 1284 PA·RM
909 1250 1073 1285 ENONE

177 1331 279 1380 feci,
318 1345 520 1384 exponam
557 1332 821 1385 eiusdemque
851 1338 1012 1372 saturae
1045 1335 1346 1383 argumentum,
1385 1329 1522 1382 quoad
1558 1329 1667 1377 licet,

134 1401 137 1403 ’
177 1392 392 1442 enarrem..
435 1402 639 1442 Exordiar
677 1409 813 1442 autem
839 1418 864 1442 a
890 1402 1066 1456 Iosepho
1094 1401 1327 1452 scaligero,
1360 1415 1479 1453 quem
1510 1401 1594 1448 hic,
1626 1405 1670 1439 ut

176 1473 301 1521 solet,
339 1473 542 1513 Oehlerus
567 1473 772 1525 neglexit,
818 1479 860 1513 et
889 1474 1165 1526 neglexerunt
1201 1472 1272 1511 alii
1304 1485 1395 1510 cum
1426 1471 1668 1510 detrimento

177 1543 384 1583 Varronis.
428 1545 470 1582 Is
502 1545 609 1583 enim
636 1545 678 1583 in
704 1544 980 1590 coniectaneis
1007 1559 1048 1597 p.
1074 1551 1140 1586 119
1169 1543 1423 1583 continuavit
1446 1543 1551 1582 haec
1580 1548 1667 1582 Pia-

178 1627 326 1650 mzuoms
362 1614 611 1666 fragmenta:
653 1613 711 1667 (5)
749 1616 921 1654 Caeditur
959 1617 1082 1654 lucus:
1120 1618 1196 1654 alia
1229 1617 1340 1665 frons
1374 1616 1507 1653 decidit
1540 1616 1666 1652 Palla-

176 1687 262 1733 dos,
297 1688 475 1735 platanos
512 1689 649 1724 ramis.-
703 1683 762 1737 (6)
814 1688 889 1723 alia
925 1687 1029 1724 trabs
1057 1689 1192 1736 pronis
1235 1688 1274 1724 in
1310 1686 1459 1723 humum
1497 1676 1670 1723 accidens

171 1767 384 1804 proxumae
417 1757 564 1806 franyit
597 1767 724 1794 ramos
757 1759 915 1796 cadens.-
953 1756 1010 1810 (4)
1047 1759 1151 1796 Atius
1181 1762 1347 1794 teneram
1382 1757 1532 1794 abietem
1562 1760 1668 1794 rums

175 1829 251 1865 solo
275 1821 477 1876 percellit:
505 1826 563 1878 (3)
602 1829 697 1865 atius
733 1829 916 1867 caballum
952 1831 1098 1868 arboris
1127 1841 1233 1866 ramo
1261 1831 1299 1866 in
1327 1829 1458 1866 humili
1475 1830 1668 1878 ,altiyatum

176 1900 368 1947 relinquit,
408 1896 464 1949 (2)
489 1900 620 1947 ferens
644 1899 814 1947 ferream
835 1900 991 1938 humero
1011 1902 1202 1948 bipennem
1222 1902 1393 1938 securim.
1432 1899 1538 1937 Nolo
1560 1912 1668 1937 nunc

174 1969 430 2026 perpendere
457 1970 640 2022 singula:
657 1965 662 1967 ”
681 1983 776 2008 nam
806 1970 979 2010 mutavit
1005 1970 1208 2023 quaedam
1237 1970 1423 2020 Scaliger
1452 1971 1494 2008 in
1528 1970 1667 2020 singu-

174 2040 240 2079 lis.
275 2041 325 2079 In
355 2042 590 2080 universum
615 2041 827 2094 praeclare
857 2040 929 2079 ille
961 2054 983 2079 e
1014 2041 1189 2080 diversis
1224 2041 1352 2079 Nonii
1381 2040 1549 2080 latebris
1575 2055 1667 2080 con-

174 2112 325 2162 gessit,
372 2126 478 2165 quae
517 2111 661 2152 eodem
690 2111 934 2151 narrationis
964 2111 1117 2150 ambitu
1154 2110 1352 2149 contineri
1389 2119 1670 2164 perspexerat.

175 2183 344 2222 Numeri
382 2184 424 2222 in
462 2182 543 2222 illis
580 2196 676 2221 casu
714 2182 905 2233 fugerunt
942 2177 1668 2234 sollertissimum*metricaeVal-ro-

174 2253 323 2292 nianae
362 2254 708 2303 investigatorem.
791 2252 874 2292 Sed
918 2254 1104 2304 percepti
1140 2255 1234 2292 sunt
1280 2267 1305 2292 a
1339 2252 1480 2292 subtili
1519 2256 1670 2294 veteris

174 2324 313 2375 poesis
343 2324 623 2371 aestimatore,
663 2323 817 2371 Nakio,
851 2323 922 2376 qui
948 2323 1190 2363 bacchiacos
1218 2337 1362 2364 versus
1391 2325 1433 2363 in
1462 2325 1544 2365 illis
1577 2341 1667 2379 per·

176 2395 399 2434 sentiscere
427 2395 539 2433 visus
570 2399 643 2434 est.
701 2393 816 2433 Idem
855 2393 1035 2433 deflectit
1070 2408 1153 2435 non
1186 2396 1288 2435 nihil
1314 2395 1365 2435 ab
1397 2397 1539 2437 ordine
1570 2400 1668 2440 Sca-

175 2464 372 2515 ligerano.
441 2463 526 2504 Sed
565 2478 766 2518 apponam
806 2465 895 2518 ipsa
930 2465 1058 2505 Nakii
1099 2466 1247 2516 verba,
1302 2480 1408 2520 quae
1447 2469 1590 2508 scribit
1629 2471 1670 2509 in

177 2535 463 2574 commentario
493 2535 545 2574 ad
579 2535 788 2575 Valerium
814 2534 1011 2576 Catonem
1043 2551 1163 2591 quem
1186 2543 1309 2577 vocat
1337 2551 1378 2590 p.
1406 2546 1472 2581 63:
1514 2541 1670 2583 ‘Varro

175 2604 430 2644 Parmenone
458 2606 566 2657 apud
588 2596 764 2660 Non‘wm
792 2620 834 2659 p.
857 2613 922 2656 79,
949 2615 993 2651 19
1021 2608 1064 2647 in
1088 2608 1211 2648 simili
1231 2615 1276 2648 ut
1302 2598 1464 2649 videtur
1489 2610 1667 2663 descrip-

176 2674 307 2714 tione:
1645 2678 1648 2679 ⁷

376 2767 506 2814 ferens
531 2767 700 2815 ferream
727 2767 881 2807 humero
905 2770 1096 2818 bipennem
1124 2772 1283 2808 securim

173 2854 242 2893 vel
275 2861 321 2893 ut
348 2843 536 2907 Scaliger
567 2886 577 2895 .
609 2885 618 2894 .
644 2856 722 2895 ista
761 2857 1026 2909 probabiliter
1065 2860 1277 2898 coniunxit
1310 2873 1399 2899 cum
1438 2861 1519 2900 alio
1559 2862 1667 2914 apud

174 2924 351 2963 Nonium
378 2926 625 2977 fragmento:
