1898 3236
244 273 297 314 34
310 274 317 280 ’
813 278 1154 311 coma-omnm.

241 387 406 435 faciem.-
444 385 619 437 vreliqua
653 390 737 423 tam
780 383 979 434 Scaligeri
1000 375 1130 436 'quam
1163 384 1331 423 aliorum
1365 390 1590 423 commenta
1627 386 1721 424 nolo

243 471 371 506 nunc,
409 469 460 495 ne
488 456 642 506 longus?
663 456 778 506 fiam,
817 455 1045 493 accuratius
1083 454 1338 512 expendere:
1368 444 1427 492 'in
1454 455 1598 507 quibus
1629 462 1722 495 sunt

245 522 465 581 quaedam,
513 539 617 578 quae
658 525 761 564 adeo
787 524 940 576 pudeat
968 525 1178 572 refellere,
1217 524 1318 562 nihil
1361 538 1424 563 me
1464 525 1597 564 iudice
1643 540 1723 578 quo

245 597 472 637 emendatio
501 596 695 636 Varronis
726 594 950 634 adiuvetur.
1004 580 1151 634 Dicam
1169 594 1367 644 breviter,
1399 609 1478 648 quo
1506 596 1624 635 modo
1648 596 1721 635 illa

245 669 342 708 mihi
370 667 586 707 scribenda
612 666 853 706 videantur:

488 787 498 797 .
530 761 668 808 capitis
694 758 836 796 corona
865 759 992 795 baccis
1019 756 1148 794 Liberi

448 833 601 868 Faciem
630 830 674 866 iat
700 830 829 866 labore
855 817 971 876 fldtili
998 828 1132 865 viridis
1158 830 1299 880 premit

247 921 334 960 sive
365 934 442 973 quo
474 921 631 970 integer
659 931 803 957 versus
832 917 1022 969 prodeat:

379 1035 389 1045 ·
451 1010 595 1060 Capitis
623 1021 766 1048 corona
795 1007 922 1046 ba'ccis
949 1010 1062 1056 pictis
1090 1007 1232 1052 Liberi.

246 1115 398 1153 Nititur
431 1114 534 1153 haec
579 1126 669 1151 mea
711 1111 937 1151 emendatio
975 1111 1189 1150 maximam
1224 1116 1381 1163 partem
1419 1124 1468 1149 ea
1509 1114 1590 1164 qua
1626 1110 1727 1149 nihil

247 1165 498 1237 frequentius
543 1187 565 1222 b
607 1189 647 1222 et
684 1197 706 1222 v
739 1183 963 1221 litterarum
993 1182 1302 1235 permutatione,
1369 1181 1588 1220 Commoda
1629 1186 1725 1233 puto
1775 1180 1779 1184 '

247 1261 292 1294 ut
319 1257 361 1294 in
395 1256 552 1294 coronis
580 1255 789 1306 potatoriis
837 1267 1006 1293 uvarum
1043 1253 1212 1301 mentio,
1259 1251 1595 1304 quemadmodum
1622 1251 1725 1289 Bac-

248 1326 366 1364 chum
393 1327 525 1378 ipsum
561 1321 826 1366 ‘racemiferis
863 1326 1037 1363 frontem
1078 1323 1368 1363 circumdatum
1398 1322 1508 1362 -uvis'
1551 1321 1726 1361 Ovidius

249 1396 430 1448 depinxit
448 1402 616 1440 metam.
645 1397 712 1436 III
739 1402 820 1438 666.
868 1396 986 1436 Uvae
1017 1400 1163 1434 autem·
1185 1393 1293 1446 quod
1317 1382 1472 1433 baccae
1495 1393 1632 1433 Liberi
1657 1407 1725 1431 vo-

251 1472 392 1505 cantur
431 1467 518 1505 sine
555 1467 763 1520 exemplo,
809 1480 858 1506 ea
893 1481 937 1506 re
967 1480 1048 1505 non
1074 1478 1219 1505 vereor
1259 1477 1311 1503 ne
1339 1452 1602 1516 probabilitas
1634 1477 1726 1501 con-

247 1535 428 1576 iecturae
457 1537 711 1588 infringatur.
771 1538 913 1577 Pictae
943 1551 1048 1576 uvae
1080 1522 1171 1576 sunt
1201 1535 1310 1588 apud
1341 1535 1514 1574 eundem
1539 1519 1729 1574 Ovidium

248 1608 444 1656 fastorum
472 1609 540 1647 III
567 1614 636 1650 413
664 1609 715 1647 al.
782 1597 964 1660 Reliqua*
986 1621 1067 1646 non
1091 1612 1174 1645 tam
1203 1606 1484 1645 emendatione
1510 1619 1631 1658 quam
1659 1619 1727 1644 ex-

248 1679 466 1731 plicatione
495 1678 677 1729 indigent
689 1687 701 1726 ,‘
729 1677 803 1717 sed
829 1691 910 1716 non
939 1677 1031 1724 tali,
1065 1678 1196 1728 qualis
1224 1683 1285 1716 est
1316 1675 1583 1730 Oehl'eriana„
1615 1675 1728 1714 labo-

248 1763 333 1790 rem
358 1749 525 1788 flatilem
546 1749 696 1787 dictum
719 1762 814 1795 ,esse
837 1754 881 1787 ut
898 1752 1079 1791 nostrum
1106 1751 1308 1787 seinselnde
1334 1738 1401 1787 vel
1421 1748 1464 1785 K
1462 1749 1606 1795 izhluny
1626 1749 1728 1785 brin-

248 1823 369 1870 9ende
400 1822 492 1858 Last
522 1823 588 1858 des
617 1821 817 1867 Kranzes:
850 1820 917 1872 qui
948 1833 1039 1858 cum
1064 1819 1306 1858 latinitatem
1335 1833 1415 1858 non
1447 1824 1626 1867 curaret,
1659 1818 1727 1857 de-

249 1890 374 1929 bebat
409 1895 498 1943 per'
527 1903 640 1929 suam
680 1891 806 1942 ipsius
849 1889 1153 1928 translationem
1197 1890 1371 1942 ineptias
1409 1890 1725 1942 persentiscere.

250 1961 343 2000 Non
364 1963 568 2015 inquiram
594 1975 702 2011 nunc
727 1963 769 2000 in
800 1962 968 2000 aliorum
992 1960 1233 2000 sententias:
1263 1959 1359 1997 mihi
1383 1960 1514 1999 visum
1536 1965 1598 2000 est
1617 1959 1729 1999 labo-

250 2032 337 2071 rem
365 2032 531 2071 flatilem
555 2021 605 2072 de
631 2033 798 2071 artificio
829 2032 910 2071 dici
940 2032 1163 2070 conflatura
1194 2031 1316 2071 facto.
1377 2032 1579 2071 Laborem
1605 2032 1730 2071 latine

252 2104 310 2159 sic
340 2103 525 2155 usurpari
551 2107 691 2141 notum
720 2108 800 2142 est:
834 2103 886 2142 cf.
917 2103 1073 2142 Valerii
1099 2095 1240 2141 Flacci
1269 2104 1313 2141 ΙΙ
1340 2109 1409 2145 409

453 2195 565 2231 Dona
595 2196 684 2232 duci
705 2196 851 2242 promit
879 2172 1119 2242 chlamydem
1143 2199 1341 2242 textosque
1369 2195 1530 2232 labores.

253 2295 317 2333 Ac
353 2295 544 2334 flatilis
574 2294 689 2334 labor
717 2295 891 2341 Varroni
926 2307 1007 2332 non
1043 2279 1160 2333 aliter
1200 2294 1346 2348 dicitur
1383 2308 1503 2346 quam
1541 2293 1732 2334 ‘laminae

253 2364 424 2403 flatiles'
462 2364 643 2404 Arnobio
682 2366 776 2405 adv.
816 2371 899 2405 nat.
934 2365 995 2404 VI
1032 2370 1094 2413 16,
1143 2365 1194 2404 cf.
1238 2364 1509 2403 Hildebrandi
1548 2365 1640 2406 adn.
1681 2365 1733 2404 ad
1772 2391 1776 2394 -

252 2435 293 2473 h.
324 2435 351 2473 l.
408 2436 555 2488 Itaque
593 2442 818 2476 consertam
852 2435 971 2488 pictis
1010 2436 1100 2475 uvis
1139 2449 1327 2474 coronam
1362 2436 1492 2475 Varro
1532 2437 1588 2474 ait
1617 2436 1734 2488 quasi

255 2506 477 2544 conflatura
515 2507 637 2545 fronti
674 2506 838 2551 affixam
874 2506 1038 2547 sedere:
1086 2511 1127 2544 et
1170 2520 1219 2545 ea
1259 2507 1434 2559 denique
1471 2506 1733 2558 oppositionis

253 2578 409 2616 ratione
441 2579 561 2616 etiam
589 2581 720 2616 viridis
753 2578 865 2617 vocis
896 2578 1231 2630 collocatio.post
1259 2577 1362 2616 haec
1399 2583 1440 2614 ut
1468 2579 1598 2614 labore
1626 2569 1739 2623 flatili

254 2647 497 2692 vindicatur.
512 2667 523 2702 s

369 2719 453 2758 Sed
482 2706 647 2757 tandem
683 2700 950 2771 relinquenda
979 2724 1071 2757 sunt
1098 2718 1202 2756 haec
1233 2716 1502 2764 deverticula,
1541 2721 1586 2754 ut
1613 2723 1731 2765 argu-

256 2795 435 2827 mentum
472 2794 634 2828 nostrae
671 2794 902 2842 repetamus
941 2794 1116 2828 saturae.
1154 2826 1161 2832 ,
1192 2789 1348 2827 Maiora
1390 2772 1566 2824 musicus
1602 2786 1658 2823 ait
1697 2786 1735 2823 ei

257 2860 326 2910 qui
363 2861 403 2897 in
440 2860 518 2898 hac
556 2865 642 2898 arte
683 2859 862 2898 elaboret
905 2849 1024 2912 quam
1062 2859 1134 2898 illa
1164 2864 1350 2897 externa·
1381 2869 1485 2909 quae
1525 2855 1627 2894 dixit
1664 2869 1734 2907 ap-

256 2923 434 2981 petenda
464 2943 565 2968 esse.
618 2919 788 2969 Noverit
817 2936 976 2981 oportet
994 2929 1211 2968 modorum
1241 2942 1288 2967 ac
1316 2940 1572 2966 numerorum
1598 2927 1734 2965 varias
