1898 3236
947 749 976 803 Ι

330 909 474 962 Itaque
505 921 637 947 meam
656 906 974 947 reconcinnandi
995 919 1161 960 operam
1187 905 1237 945 ab
1259 919 1309 945 ea
1336 912 1473 945 satura
1499 908 1703 958 incipiam,

218 980 282 1018 cui
313 979 444 1019 Varro
474 979 582 1017 hunc
612 978 798 1017 indicem·
818 979 919 1017 fecit

787 1079 920 1114 οΝοΣ
952 1079 1132 1130 ΛΤΡΑΣ.

217 1160 342 1200 Cuius
379 1174 538 1200 omnem
573 1162 784 1201 materiam
815 1153 865 1201 ex
896 1166 982 1199 arte
1012 1159 1167 1198 musica
1202 1158 1482 1212 depromptam
1519 1173 1610 1198 esse
1640 1173 1703 1198 re-

214 1230 366 1284 liquiae
395 1231 589 1272 indicant.
649 1233 708 1273 Ut
735 1233 805 1286 qui
834 1232 882 1270 L.
911 1229 1129 1270 Mercklini
1156 1228 1207 1268 de
1235 1231 1547 1283 Menippearum
1578 1230 1704 1269 titulis

215 1303 412 1341 rationem
444 1302 552 1354 (nov.
573 1317 673 1343 mus.
705 1304 838 1343 Rhen.
859 1302 947 1341 XII
967 1314 1006 1353 p.
1030 1298 1116 1351 372)
1157 1307 1364 1353 sequatur,
1396 1302 1525 1354 possit
1556 1301 1615 1339 illi
1645 1301 1703 1339 in-

214 1374 422 1426 scriptioni
456 1374 563 1414 hanc
593 1375 763 1415 alteram
801 1369 892 1422 περὶ
922 1369 1113 1422 μουσικῆς
1150 1371 1193 1409 in
1230 1365 1475 1410 consortium
1511 1372 1704 1415 adiicere.

216 1443 437 1484 Oehlerum
468 1447 575 1485 enim
605 1447 740 1498 opinio
770 1444 942 1491 fefellit,
974 1456 1063 1480 cum
1095 1446 1136 1480 et
1165 1441 1290 1481 indici
1321 1448 1360 1481 et
1390 1444 1573 1497 reliquiis
1604 1458 1703 1483 non-

214 1515 336 1563 nullis
375 1516 498 1554 latius
533 1522 742 1568 patentem
780 1514 1117 1566 significationem
1154 1513 1357 1552 vindieat:
1401 1514 1535 1567 quode
1571 1514 1704 1553 dicam

214 1587 334 1626 infra.
395 1586 621 1626 Cavillatur
657 1591 792 1624 autem
828 1585 958 1624 varro
985 1596 1075 1622 eam
1103 1582 1309 1641 hominum
1340 1585 1566 1632 nationem,
1599 1598 1703 1637 quae

214 1658 361 1709 spretis
398 1657 508 1696 illius
547 1657 644 1694 artis
676 1652 1035 1694 delenimentis‘in
1064 1653 1296 1693 forensibus
1326 1654 1446 1694 rebus
1480 1656 1549 1695 vel
1578 1669 1703 1695 vena-

213 1726 389 1766 tionibus
419 1727 487 1766 vel
517 1726 607 1765 aliis
636 1725 680 1764 id
709 1738 838 1776 genus
866 1723 1200 1778 occupationibus
1231 1726 1357 1764 vitam
1389 1725 1512 1778 degit.
1560 1727 1611 1765 In
1628 1726 1704 1765 hos

214 1799 319 1837 enim
346 1798 487 1837 valere
517 1795 619 1835 illud
644 1794 794 1843 voluit,
825 1795 935 1849 quod
965 1796 1023 1834 ait
1055 1788 1148 1842 ὄνος
1177 1790 1310 1845 λύρας.
1372 1796 1506 1849 Quam
1534 1808 1701 1847 provor-

211 1868 361 1908 bialem
389 1869 654 1919 locutionem,
686 1865 805 1904 modo
833 1865 912 1904 hac
935 1864 1052 1904 brevi
1078 1865 1197 1904 modo
1225 1866 1410 1918 pleniore
1440 1867 1570 1905 forma
1589 1865 1703 1904 velut

210 1933 301 1987 ὄνος
325 1933 446 1991 λύρας
475 1931 638 1976 ἀκούων
657 1936 726 1975 vel
745 1929 836 1982 ὄνος
859 1929 980 1984 λύρας
999 1927 1162 1974 ἀκούων
1188 1938 1295 1974 κινεῖ
1318 1930 1366 1975 τὰ
1396 1923 1494 1986 ὦτα,
1519 1937 1704 1976 et·aliter

211 2011 346 2050 afferri
377 2011 559 2057 solitam,
602 2004 667 2047 ἐπὶ
696 2006 778 2045 τῶν
806 1999 1066 2056 ἀναισθήτων
1093 2003 1162 2044 καὶ
1191 2001 1377 2057 α’μούσων
1409 2009 1496 2047 sive
1526 2004 1591 2046 ἐπὶ
1623 2006 1703 2045 τῶν

209 2073 463 2120 ἀπαιδεύτων
501 2093 594 2120 esse
625 2076 980 2132 paroemiographi
1018 2076 1213 2116 scribunt.
1272 2078 1369 2118 Vid.
1402 2078 1703 2119 Schneidewini

213 2159 253 2191 et
284 2152 496 2192 Leutschii
527 2151 707 2203 eorporis
740 2148 817 2188 vol.
848 2148 870 2186 Ι
896 2161 936 2199 p.
960 2152 1029 2188 291
1058 2160 1117 2198 sq.
1149 2147 1229 2186 vol.
1252 2148 1298 2186 II
1317 2162 1358 2201 p.
1381 2157 1452 2193 563
1479 2151 1532 2190 al.

324 2223 619 2274 Argumentum
642 2222 774 2260 Varro
797 2218 989 2270 bipertite
1011 2217 1215 2267 distribuit
1242 2222 1318 2270 ita,
1350 2227 1395 2260 ut
1423 2227 1540 2274 parte
1566 2221 1702 2273 priore

210 2294 407 2332 musicum
428 2291 634 2344 quendam
660 2291 851 2338 inducat,
883 2294 1005 2327 cantu
1037 2290 1243 2331 auditores
1263 2292 1547 2341 oblectantem,
1573 2291 1702 2330 altera

211 2376 285 2415 per
314 2361 587 2401 diverbiorum
627 2362 938 2401 alternationem
968 2361 1164 2400 musicum
1202 2363 1308 2402 inter
1339 2369 1380 2403 et
1408 2356 1586 2413 ἄμουσον
1615 2362 1700 2399 eius

211 2434 310 2472 artis
333 2437 521 2471 naturam
549 2439 590 2472 et
618 2432 847 2471 efficaciam
874 2430 1063 2470 illustret.
1123 2433 1234 2484 Ergo
1265 2447 1380 2473 suam
1410 2433 1588 2472 musicus
1615 2427 1700 2469 ἐπί-

211 2503 334 2552 δειξιν
363 2503 643 2542 scaenicorum
679 2507 892 2555 poetarum
925 2501 1112 2554 exemplo
1150 2517 1175 2542 a
1205 2505 1413 2557 prooemio
1451 2503 1699 2556 auspicatur,

209 2574 251 2612 in
285 2587 365 2627 quo
406 2579 600 2613 consueto
635 2573 894 2626 prologorum
930 2587 1042 2613 more
1092 2579 1133 2612 et
1179 2576 1269 2628 quis
1305 2577 1395 2628 ipse
1430 2576 1482 2614 sit
1521 2572 1700 2627 quidque

210 2645 355 2684 afferat
389 2645 608 2698 expromit,
648 2650 689 2684 et
725 2646 759 2684 si
787 2646 855 2698 qui
892 2645 943 2684 ab
979 2647 1066 2684 eius
1089 2631 1194 2685 'artis
1233 2645 1541 2685 oblectamentis
1579 2643 1701 2681 alieni

210 2716 311 2764 sint,
344 2728 414 2755 eos
437 2728 488 2755 ex
509 2715 737 2755 auditorum
758 2730 908 2757 corona
930 2716 1124 2757 excludit.
1183 2716 1332 2770 Itaque
1354 2716 1448 2754 olim
1477 2728 1558 2753 non
1577 2714 1700 2764 longe

209 2800 233 2825 a
268 2786 408 2825 limine
441 2792 604 2825 saturae
634 2799 710 2825 nee
749 2787 840 2839 ipsa
874 2789 1031 2839 magnis
1062 2788 1166 2826 inter
1205 2799 1250 2825 se
1280 2786 1508 2825 intervallis
1539 2790 1700 2822 secreta

209 2858 337 2906 haec,
369 2871 476 2910 quae
506 2859 614 2897 infra
644 2859 783 2910 posui,
825 2858 1054 2909 fragmenta
1084 2857 1223 2896 sedem
1251 2855 1499 2894 habuerunt:

1360 2923 1376 2961 1
1393 2921 1412 2945 ια

1216 2992 1236 3007 5
