1898 3236
264 269 342 310 108
835 280 1095 312 comco'rAN
1103 282 1174 311 EA.

260 384 311 423 de
340 385 498 436 legibus
527 385 571 422 II
605 390 657 432 12,
681 392 722 425 31
756 385 797 423 in
828 385 1034 424 codicibus
1066 385 1265 435 scribitur,
1295 388 1390 425 nihil
1416 390 1526 434 domi,
1558 391 1652 427 nihil
1674 391 1738 438 fa—

260 458 383 493 miliae
419 469 490 507 pro
525 457 621 492 nihil
657 458 822 494 militiae.
881 456 964 495 Sed
1001 457 1079 508 ipsi
1113 457 1351 508 praeplacet
1388 471 1503 496 suum
1531 459 1738 497 inventum

259 529 356 563 milis
386 538 443 570 ac,
476 526 584 578 quod
614 540 690 566 nec
717 527 847 566 lenius
879 540 969 565 esse
993 540 1069 565 nec
1095 540 1316 578 congruere
1346 528 1538 580 proximis
1561 532 1741 568 subactus

258 599 400 644 aliquot
438 599 550 634 annis
583 596 775 635 concedo.
833 597 1003 636 Numeri
1034 598 1162 649 aperti
1193 604 1286 636 sunt
1312 612 1388 637 nec
1418 599 1606 650 fugerunt
1633 600 1738 639 Roe-

213 654 217 658 ⁴
258 680 422 718 perum:

1173 777 1178 782 ,
1203 730 1408 789 antequam

461 807 599 847 Militia
628 809 809 847 subdotus
837 811 981 858 aliquot
1010 810 1123 848 annis
1153 816 1248 848 erat.

260 899 392 949 Quem
428 910 590 937 versum
622 912 712 937 cum
750 899 966 938 cohaerere
1001 899 1132 938 dicam
1164 914 1254 939 cum
1283 901 1332 939 fr.
1363 907 1384 940 2
1414 903 1453 939 in
1482 905 1624 940 castris
1647 914 1740 951 per—

259 972 383 1006 mansi
422 982 455 1007 e.
493 983 531 1020 q.
565 983 617 1017 s.,
658 970 883 1009 cavendum
913 977 991 1019 est,
1028 986 1078 1010 ne
1111 974 1198 1024 quis
1229 973 1268 1011 in
1300 979 1385 1011 erat
1418 974 1537 1011 tertia
1566 986 1742 1025 persona
1800 980 1804 983 '

259 1039 450 1078 offendat.
510 1040 707 1078 Nimirum
742 1053 764 1078 e
803 1040 874 1078 tali
913 1043 999 1081 fere
1040 1042 1190 1081 ambitu
1230 1044 1454 1081 sententiae
1482 1042 1638 1081 Nonius
1653 1042 1739 1081 *illa

261 1109 480 1161 decerpsit:
513 1109 871 1163 ‘Quandoquidem
892 1126 942 1151 ex
967 1114 1132 1165 antiquo
1162 1127 1272 1152 more
1302 1127 1418 1152 nemo
1450 1113 1502 1151 ad
1529 1114 1738 1164 magistra—

259 1186 322 1219 tus
359 1180 557 1219 accedere
592 1182 741 1232 potuit,
780 1176 998 1234 antequam
1030 1184 1184 1236 aliquot
1223 1173 1338 1222 annis
1376 1184 1519 1227 militia
1548 1182 1738 1222 subactus

261 1259 360 1298 erat,
390 1251 573 1290 militiam
603 1252 835 1302 capessivi.'
896 1252 959 1291 Cf.
989 1253 1163 1292 Merceri
1193 1254 1286 1292 adn.
1317 1253 1370 1293 ad
1395 1254 1501 1292 Non.
1528 1268 1568 1306 p.
1591 1260 1673 1302 401,
1698 1261 1740 1295 12

260 1327 301 1359 et
329 1320 492 1375 Polybii
519 1321 652 1360 locum
679 1321 770 1360 libri
800 1323 860 1362 VI
887 1328 942 1371 19,
973 1328 1014 1363 4:
1046 1317 1254 1373 πολιτικήν
1282 1321 1323 1363 δὲ
1353 1323 1490 1375 λαβεῖν
1513 1316 1638 1376 ἀρχὴν
1668 1318 1742 1364 οὐκ

260 1390 405 1439 ἔξεστιν
421 1385 554 1430 οὐδενὶ
570 1387 760 1443 πρότερον
776 1387 846 1432 ἐάν
861 1385 914 1443 μὴ
932 1390 1026 1431 δέκα
1037 1394 1235 1445 στρατείας
1251 1391 1467 1441 ἐνιαυσίους
1484 1383 1514 1449 ’ᾖ
1524 1380 1740 1444 τετελεκώς.

372 1464 440 1501 Fr.
471 1469 492 1502 2
529 1463 637 1516 quod
666 1463 876 1515 Roeperus
904 1478 1035 1518 aeque
1066 1465 1170 1504 bene
1199 1466 1240 1504 in
1265 1466 1516 1505 heroicorum
1548 1480 1669 1519 quam
1698 1468 1740 1505 in

260 1522 636 1589 Aristophaniorum
663 1540 800 1585 partes
834 1535 940 1573 coire
972 1535 1089 1583 dicit,
1128 1536 1225 1574 mihi
1249 1534 1396 1575 neutra
1421 1538 1550 1575 forma
1579 1538 1742 1576 suavior

260 1604 311 1642 ad
339 1617 456 1643 aures
487 1604 654 1642 accidit:
692 1607 898 1653 caesurae,
931 1619 1050 1658 quam
1080 1606 1150 1645 ille
1178 1607 1371 1658 neglexit,
1403 1608 1580 1659 reposito
1606 1610 1740 1646 deinde

261 1674 416 1712 consuli
445 1674 597 1725 possit:

547 1793 554 1800 .
585 1765 625 1801 in
655 1767 797 1802 ‘castris
821 1769 1024 1812 permansi
1044 1769 1208 1806 :deinde
1238 1769 1426 1805 caballum

462 1835 646 1872 Reddacci
670 1837 722 1872 ad
749 1846 944 1873 censorem

260 1923 346 1962 vel:
464 1953 762 1962 ........
793 1925 833 1962 z'n
860 1928 1001 1963 castris
1023 1925 1226 1974 permansi
1245 1943 1256 1964 :
1277 1929 1410 1965 deinde
1439 1928 1627 1966 caba'llam

462 2015 646 2052 Reddz'mti
669 2018 720 2053 ad
748 2027 955 2053 censorem.

260 2106 445 2142 Redduxi
478 2105 641 2157 quidem
679 2105 779 2143 nihil
818 2105 1050 2144 offensionis
1090 2105 1233 2145 habet:
1282 2107 1333 2146 cf.
1371 2107 1655 2147 Lachmannus
1687 2110 1739 2148 ad

260 2175 440 2213 Lucretii
475 2175 514 2213 V
549 2180 628 2216 614.
690 2174 774 2214 Sed
814 2181 950 2213 tamen
984 2176 1159 2215 fortasse
1193 2177 1359 2216 eludunt
1397 2192 1446 2217 ea
1486 2179 1593 2218 falsa
1622 2181 1739 2219 metri

261 2247 418 2297 specie,
456 2259 531 2294 nec
569 2245 641 2284 illa
677 2245 839 2298 quidem
874 2246 1042 2284 mutatio
1079 2247 1262 2287 ferenda.
1324 2248 1482 2287 Certius
1510 2263 1738 2289 mensuram

260 2317 393 2368 prodit
420 2317 468 2355 fr.
500 2323 534 2363 3,
564 2315 671 2368 quod
696 2317 906 2368 Roeperus
934 2322 1023 2354 lunc
1052 2331 1251 2369 reponens
1281 2333 1353 2371 pro
1384 2325 1461 2362 tam
1485 2321 1525 2358 in
1554 2326 1738 2372 septena-

259 2387 307 2424 rii
334 2387 503 2424 formam
536 2386 747 2424 describit:

457 2470 600 2524 'Itaque
631 2482 719 2514 tanc
748 2478 855 2514 ecz'cm
889 2480 1104 2524 mordacem
1134 2468 1377 2518 calcal-onem
1406 2481 1603 2518 horridum
1630 2469 1639 2473 -

461 2546 573 2583 Miles
602 2559 648 2583 ac
677 2547 735 2583 vir
763 2548 838 2584 no'n
869 2550 1018 2586 vitabat.

261 2636 344 2674 Sed
369 2636 493 2683 hiatu,
527 2649 646 2688 quem
676 2650 765 2675 esse
796 2638 838 2675 in
862 2637 940 2676 fine
970 2638 1078 2677 illius
1109 2652 1249 2677 versus
1280 2639 1420 2687 voluit„
1447 2654 1589 2691 parum
1620 2654 1737 2679 accu-

260 2711 347 2744 rate
377 2706 590 2744 defunctus
623 2712 695 2744 est.
747 2707 791 2746 O.
814 2709 869 2757 L·
903 2708 1139 2747 Schneideri
1162 2710 1265 2750 enim
1287 2723 1452 2760 gramm,
1467 2710 1545 2749 lat.
1567 2713 1587 2750 I
1612 2726 1651 2762 p.
1671 2717 1739 2751 158

261 2792 335 2830 sq„
368 2777 486 2829 quod.
503 2778 630 2825 affert,
662 2777 801 2816 fallaci
827 2779 1054 2818 testimonio
1074 2782 1217 2819 utitur:
1249 2781 1411 2833 quando
1435 2796 1540 2835 quae
1566 2782 1621 2820 ibi
1644 2796 1734 2820 con·
1770 2798 1772 2800 ’

260 2853 452 2897 geruntur
489 2847 620 2886 hiatus
655 2849 861 2901 exempla,
906 2864 1044 2889 eorum
1070 2865 1167 2903 pars
1200 2852 1351 2904 dispari
1377 2865 1526 2903 genere
1559 2852 1736 2891 contine-

260 2923 342 2965 tur,
374 2931 478 2970 quae
508 2932 605 2957 vero
633 2919 779 2957 similia
809 2920 887 2959 sint
912 2921 972 2959 illi
1001 2921 1137 2961 Plauti
1167 2921 1428 2974 Terentiique
1458 2921 1655 2973 exempla,
1688 2935 1737 2961 ea
