1898 3236
764 261 1108 295 comEcTANEA.
1607 250 1687 290 103

200 374 337 415 edidit.
412 373 449 412 A
485 386 567 426 quo
610 369 747 410 differt
783 368 968 409 nonnihil
1006 366 1159 420 duplex
1204 364 1399 405 memoria
1432 363 1575 411 Nonii,
1620 363 1689 416 qui

200 462 239 500 p.
270 452 362 495 276,
392 453 416 488 8
451 449 608 498 partem
646 441 861 494 fragmenti
888 439 1035 479 refert:
1080 437 1354 486 ‘Coynoscere’
1390 445 1604 484 aquo-scere.
1636 455 1691 461 ——
1724 487 1728 491 ι

210 520 253 557 V.
286 519 387 567 Sesq.
416 516 570 554 ‘vereor
599 525 646 552 ne
675 525 732 550 me
760 507 913 562 quoque,
942 522 1025 548 cum
1055 511 1200 547 domum
1229 509 1277 545 ab
1304 507 1374 546 Ilio
1403 509 1534 546 cossim
1564 518 1688 543 rever-

201 596 296 633 tero,
320 592 478 637 praeter
495 597 625 623 canem
653 588 850 633 coynoscat
870 593 998 620 nemo:
1027 581 1228 630 integrum
1250 590 1290 629 p.
1315 582 1404 626 247,
1429 583 1496 620 23:
1529 577 1690 615 ‘Album’

199 661 461 709 siqnificatione
487 657 683 705 manifesta
712 660 787 702 est,
816 658 855 692 ul
896 652 998 701 Vir-9.
1029 673 1084 678 —-
1116 652 1258 698 Altum,
1289 651 1372 686 mite
1403 651 1460 687 vel
1489 651 1691 698 placidum.

210 731 253 767 V.
295 729 395 778 Sesq.
430 727 604 765 ‘adversi
633 728 728 764 venti
767 726 996 763 ceciderunt:
1045 724 1148 772 quod·
1165 724 1200 759 si
1227 725 1390 771 peryunl
1424 723 1560 760 diutius
1588 733 1694 759 mare

203 803 360 844 volvere,
391 811 520 838 vereor
545 809 591 835 ne
630 809 686 835 me
709 807 872 846 quoque,
909 807 981 844 quo
1009 796 1153 832 domum
1181 794 1227 830 ab
1256 793 1353 829 dalio
1381 795 1517 842 cossim
1544 803 1691 839 venero,

194 878 351 921 praeter
397 880 526 908 canem
570 874 766 918 coynoscal
806 870 944 905 nemo.⁴
1002 866 1054 904 In
1086 865 1162 903 hoc
1204 862 1426 916 posteriore
1462 861 1692 901 testimonio

200 941 357 994 pridem
386 947 645 993 perspectum
681 945 743 979 est
780 937 1009 978 desiderari
1043 935 1127 974 albi
1161 935 1368 974 notionem
1406 946 1456 972 ea
1490 933 1533 971 vi
1569 937 1614 970 ut
1642 932 1694 970 sit

202 1013 298 1052 mite
324 1011 391 1051 vel
426 1009 647 1064 placidum.
709 1012 830 1048 Altum
872 1009 979 1048 enim
1015 1007 1162 1047 leviter
1199 1006 1465 1058 depravatum
1501 1009 1696 1056 putarunt

205 1098 257 1124 ex
283 1086 416 1123 album.
482 1082 565 1134 Qui
603 1081 793 1121 defectus
830 1094 912 1120 non
946 1079 1080 1131 potuit
1115 1078 1322 1117 infelicius
1359 1077 1543 1130 reparari
1573 1090 1694 1129 quam

200 1153 377 1205 reposito
420 1159 513 1205 post
547 1152 786 1192 Turnebum
836 1153 878 1191 in
919 1150 1163 1190 adversariis
1198 1149 1355 1188 XXIX
1389 1154 1437 1189 20
1474 1161 1500 1186 a
1538 1147 1694 1199 Popma

196 1230 348 1274 praeter
376 1227 494 1263 album
525 1236 673 1270 canem,
706 1237 785 1277 quo
813 1221 932 1262 reddi
961 1221 1130 1261 Homeri
1167 1214 1269 1258 κύνα
1303 1210 1426 1271 ἆργὸν
1469 1219 1693 1271 opinaban-

202 1302 279 1334 tur.
337 1296 460 1335 Nunc
483 1296 525 1335 in
552 1295 630 1334 hac
657 1300 774 1347 parte
798 1308 879 1334 non
909 1294 991 1332 iam
1019 1292 1289 1342 haerendum,
1320 1305 1411 1331 cum
1435 1291 1560 1330 Ianus
1585 1291 1694 1329 Lau·

201 1366 440 1418 renbergius
469 1367 511 1406 in
539 1368 768 1420 antiquario
803 1379 835 1405 s.
860 1379 900 1404 v.
931 1366 1052 1413 album
1081 1378 1121 1416 p.
1157 1370 1198 1404 19
1231 1365 1319 1402 sive
1353 1362 1564 1402 luculenta
1591 1361 1694 1400 divi-

199 1438 364 1476 natione
404 1438 492 1477 sive
525 1440 691 1491 egregio
731 1439 835 1478 libro
880 1436 1042 1476 adiutus
1081 1435 1140 1473 ita
1173 1434 1307 1473 locum
1334 1433 1490 1472 tradat:
1540 1434 1698 1471 Adversa*

202 1513 298 1547 venti
321 1511 581 1548 conciderunt.-
603 1512 724 1558 album
754 1515 808 1548 est
829 1521 954 1547 mare.-
982 1509 1082 1557 quod
1108 1509 1142 1544 si
1170 1519 1205 1544 e.
1236 1519 1275 1558 q.
1305 1519 1337 1544 s.
1385 1504 1463 1544 Cui
1485 1504 1694 1551 locutioni,

203 1592 323 1631 quam
365 1592 441 1631 ego
479 1594 532 1620 ex
567 1581 786 1620 Homerico
821 1571 941 1629 λευκὴ
974 1571 1128 1630 γαλήνη
1160 1575 1258 1628 (Od.
1290 1575 1333 1614 X
1359 1577 1422 1627 94)
1458 1589 1694 1629 expressam

203 1649 396 1698 arbitror,
430 1665 520 1690 cum
549 1652 712 1703 egregie
745 1651 963 1690 conveniat
990 1647 1212 1701 explicatio
1245 1646 1390 1686 Nonii:
1422 1652 1504 1686 mite
1528 1650 1586 1686 vel
1607 1650 1694 1696 pla-

202 1722 340 1765 cidum.
377 1726 462 1760 tum
497 1736 579 1761 non
612 1723 752 1774 inepte
790 1722 880 1775 quis
918 1720 1014 1759 inde
1046 1719 1253 1772 profectus
1285 1703 1413 1758 Nonii
1442 1719 1590 1758 lemma
1618 1718 1696 1757 hoc

202 1790 321 1829 modo
348 1791 540 1843 refingat:
580 1793 755 1831 ‘Album’
795 1794 1057 1842 siqnificatione
1085 1792 1282 1840 manifesta
1321 1797 1393 1838 est,
1433 1796 1471 1828 ut
1507 1789 1610 1839 Viry.
1639 1808 1696 1815 ——

205 1847 234 1902 [‘
245 1861 372 1897 Album
396 1873 501 1898 mare
510 1861 539 1915 ']
571 1866 683 1919 allum
702 1867 786 1902 mile
801 1866 858 1903 vel
868 1864 1071 1912 placidum.
1118 1863 1242 1901 Varro
1263 1876 1300 1901 e.
1318 1876 1357 1915 q.
1376 1875 1407 1900 s.
1438 1860 1523 1902 Sed
1540 1866 1696 1900 restant

202 1929 397 1968 nonnulla
417 1931 459 1969 in
478 1934 646 1987 reliquis
669 1935 948 1988 expedienda,
976 1935 1018 1974 in
1038 1933 1186 1986 quibus
1207 1946 1283 1984 ego
1311 1932 1438 1972 nolim
1461 1932 1515 1971 ad
1537 1939 1697 1970 veteres

203 2000 330 2039 Nonii
358 2001 560 2044 editiones
592 2006 832 2057 confugere,
863 2018 966 2058 quas
995 2005 1208 2056 Roeperus
1239 2003 1306 2042 hic
1349 2008 1395 2041 ut
1431 2000 1531 2051 alibi
1564 1999 1698 2038 inutili

203 2070 337 2110 studio
370 2076 595 2127 excerpsit:
634 2090 712 2115 nec
741 2090 879 2115 eorum
911 2088 1016 2127 quae
1052 2073 1112 2112 Io.
1144 2074 1265 2125 Bapt.
1306 2073 1406 2120 Pius
1441 2071 1500 2122 (in
1532 2069 1697 2110 Gruteri

202 2142 412 2196 Lampade
443 2145 465 2183 I
494 2159 534 2197 p.
566 2146 654 2196 407)
686 2159 739 2185 ex
771 2145 1009 2184 ‘admodum
1037 2145 1172 2196 prisco
1198 2141 1394 2194 fidelique
1425 2140 1582 2179 codice'
1616 2146 1694 2178 ret·

201 2213 295 2252 tulit
334 2221 486 2267 quanta
521 2217 624 2256 fides
660 2219 715 2256 sit
751 2216 888 2255 dicere
919 2228 1098 2267 possum.
1150 2213 1290 2265 Quare
1320 2210 1510 2265 perstabo
1541 2211 1583 2249 in
1616 2211 1694 2249 Ba-

201 2284 428 2324 siliensium
459 2285 606 2335 copiis:
637 2284 747 2324 unde
776 2287 991 2325 coniuncta
1023 2284 1175 2336 duplici
1203 2283 1329 2339 Nonii
1365 2282 1557 2321 memoria
1592 2282 1697 2321 haec

203 2356 326 2394 totius
354 2354 433 2393 loci
458 2355 618 2407 species
641 2355 795 2407 prodit:
817 2359 975 2395 Adversi
992 2358 1087 2394 venei
1104 2356 1335 2393 ceciderunt:
1366 2355 1487 2391 album
1507 2358 1562 2390 esc
1580 2365 1696 2391 mare.

202 2427 334 2475 quodsi
352 2430 517 2475 peryunt
553 2427 689 2464 diutius
719 2439 824 2466 mare
852 2429 1014 2474 volvere,
1029 2440 1035 2446 ·
1052 2438 1181 2464 vereor
1219 2437 1266 2463 ne
1300 2437 1356 2463 me
1388 2436 1553 2474 quoque,
1589 2438 1694 2473 quom

157 2497 165 2503 '
204 2497 350 2534 domum
379 2497 426 2533 ab
455 2497 524 2534 Ilio
553 2498 682 2534 cossim
718 2508 851 2536 venero
881 2494 1121 2550 (revertero),
1156 2502 1312 2546 praeter
1346 2506 1475 2534 canem
1505 2500 1700 2544 coqnoscat

205 2578 320 2606 nemo.
365 2580 472 2616 quom
499 2567 708 2619 Roeperus
736 2567 935 2616 restituit,
966 2567 1135 2606 ducibus
1172 2567 1307 2615 libris,
1341 2567 1411 2619 qui
1449 2567 1577 2606 altero
1608 2567 1695 2606 loco

204 2650 296 2686 quo,
329 2637 458 2676 altero
482 2630 701 2688 perhibent
728 2650 824 2675 cum.
863 2641 993 2676 cossim
1019 2639 1146 2677 nolim
1172 2637 1364 2676 fidentius
1387 2637 1578 2676 damnare
1609 2652 1697 2676 cum

206 2708 413 2759 Roepero,
444 2708 515 2760 qui
546 2707 657 2760 quod
670 2708 998 2760 Laurenbergius
1023 2709 1166 2748 scribit
1191 2711 1320 2746 cessim
1345 2708 1535 2760 praefert.
1574 2708 1695 2760 Apud

205 2778 383 2818 Nonium
414 2778 579 2831 quidem
611 2786 674 2818 est
700 2793 741 2832 p.
761 2787 830 2828 40,
851 2787 898 2821 30
927 2782 1091 2819 ‘cossim'
1120 2782 1255 2818 dictum
1285 2783 1393 2828 quusi
1418 2782 1554 2816 συκίνη.
1613 2777 1695 2816 Sed

204 2849 300 2888 vide
322 2849 367 2888 G.
386 2850 435 2888 L.
455 2849 750 2889 Schneiderum
767 2851 810 2889 in
827 2863 994 2902 gramm.
1013 2849 1085 2889 lat.
1104 2850 1125 2889 I
1143 2863 1183 2902 p.
1201 2857 1282 2899 355,
1312 2847 1519 2887 nandium
1538 2849 1578 2886 in
1592 2848 1695 2886 Tur-

206 2920 352 2958 sellino
390 2920 430 2958 ΙΙ
465 2935 505 2972 p.
543 2925 589 2960 79
626 2934 716 2972 sqq.
763 2920 852 2959 Nec
892 2920 932 2957 in
970 2921 1117 2959 ceteris
1156 2919 1279 2958 facile
1319 2920 1359 2958 in
1396 2919 1576 2970 Roeperi
1602 2932 1694 2971 par-
