1898 3236
266 235 344 275 160
833 242 1178 277 CONIECTANEA.

229 376 231 378 -
261 350 374 390 velut
403 349 656 401 pavimenta,
689 348 954 397 emblemata,
1002 348 1103 397 alia,
1143 349 1243 388 nihil
1273 356 1409 389 tamen
1439 352 1745 391 convenientius

261 421 423 461 invenio
461 432 581 471 quam
615 418 666 457 de
703 418 848 470 quibus
883 433 908 458 a
943 419 1137 471 perdocto
1168 421 1296 458 amico
1322 420 1560 469 admoneor,
1588 425 1747 461 lacuna-

262 495 344 530 ria.-
376 489 676 541 eorundemque
705 489 863 541 pridem
886 489 1071 541 Scaliger
1101 490 1378 539 admonuerat,
1407 504 1497 530 cum
1527 491 1556 530 l.
1582 504 1616 530 c.
1649 493 1747 531 scri·

261 561 407 600 bebat:
439 560 599 599 ‘Etiam
628 560 811 611 picturae
844 562 886 599 in
904 560 1161 600 lacunaribus
1183 559 1393 614 μαίανδροι
1415 561 1621 601 dicuntur:
1653 561 1748 600 inde

262 630 604 675 maeandratum',
646 635 688 667 ut
726 630 870 669 mirere
904 631 1158 682 Scaligerum
1188 632 1267 670 hac
1298 633 1596 684 opportunitate
1625 631 1748 671 desti-

261 704 389 741 tuisse
417 701 641 740 sollertiam
672 700 928 739 emendandi.
987 702 1135 754 Itaque
1167 703 1202 741 si
1229 703 1332 742 haec
1364 703 1482 751 olim,
1513 707 1559 740 ut
1585 707 1696 754 puto,
1724 717 1749 741 a

262 775 446 813 Varrone
473 772 624 823 scripta
651 773 832 810 fuerunt:
865 769 1093 824 περιέχοντα
1125 772 1366 824 [lacuua]ria
1391 775 1482 811 mihi
1501 760 1626 822 facies
1646 786 1747 812 mae-

262 848 429 883 andrata
467 849 503 881 et
541 844 807 887 vermiculata,
844 855 895 880 ne
932 842 1043 893 origo
1074 842 1236 895 quidem
1268 845 1521 896 corruptelae
1550 858 1750 896 περιεχου-

262 929 402 967 ταριαν
432 914 605 967 peritum
645 913 820 963 effugiet.
881 913 1076 952 Attamen
1116 927 1168 952 ne
1207 915 1266 954 sic
1296 906 1464 968 ‘quidem
1504 929 1667 968 prorsus
1700 928 1747 954 eo

262 990 488 1038 fragmento
528 984 709 1023 defuncti
746 997 895 1023 sumus.
962 984 1013 1022 In
1058 983 1187 1023 altera
1226 986 1332 1024 enim
1375 988 1602 1026 sententiae
1630 994 1748 1040 parte

264 1073 355 1098 cum
391 1056 542 1109 duplex
580 1055 779 1107 particula
808 1058 920 1094 etiam
952 1057 1046 1094 adeo
1076 1054 1310 1107 displiceat,
1355 1068 1524 1108 quarum
1553 1058 1748 1097 alterutra

265 1129 368 1181 (sive
394 1134 507 1176 atque
530 1131 642 1165 etiam
673 1126 759 1164 sive
789 1132 902 1175 atque
933 1127 1042 1174 adeo)
1075 1125 1316 1174 sufficiebat,
1341 1132 1424 1166 tum
1453 1128 1638 1183 gradatio
1669 1130 1749 1168 ista

263 1214 287 1239 a
314 1198 585 1239 concinnitate
608 1196 810 1244 abhorret,
843 1209 923 1247 qua
939 1196 1072 1247 potius
1093 1193 1322 1247 περιέχοντα
1345 1197 1437 1235 voci
1458 1198 1567 1250 quod
1583 1212 1748 1251 respon—

264 1271 372 1318 deat,
397 1267 634 1321 requiritur:
657 1266 779 1318 idque
804 1266 934 1318 ipsum
953 1278 1003 1304 ex
1020 1269 1229 1305 etiamadeo
1246 1266 1415 1305 totidem
1429 1266 1574 1308 litteris
1592 1269 1747 1321 prodit:

261 1348 298 1380 et
322 1344 361 1379 in
391 1342 522 1378 medio.
570 1337 660 1388 Quo
685 1342 923 1388 recuperato
957 1337 1038 1375 iam
1067 1336 1196 1376 deleri
1226 1344 1339 1387 atque
1369 1344 1540 1390 oportet,
1570 1339 1679 1392 quod
1699 1352 1750 1379 ex

263 1413 423 1451 vicinae
453 1409 566 1448 vocis
599 1409 846 1445 vermiculata
873 1408 984 1447 exitu
1014 1415 1143 1447 ortum
1177 1421 1267 1447 esse
1299 1409 1509 1461 probabile
1544 1414 1616 1448 est.
1664 1409 1747 1449 Ita-

264 1496 344 1536 que
380 1482 439 1520 sic
469 1479 630 1520 demum
660 1477 847 1517 videntur
875 1478 1002 1517 verba
1030 1479 1224 1518 Varronis
1255 1479 1482 1519 emendari:
1520 1477 1749 1532 περιέχοντα

265 1551 507 1603 [lacunaJria
547 1552 639 1589 mihi
671 1551 796 1598 facies
833 1553 1087 1589 maeandrum
1124 1557 1159 1589 et
1187 1553 1458 1598 vermiculata,
1495 1557 1531 1590 et
1559 1554 1597 1588 in
1628 1554 1748 1590 medio

258 1627 394 1672 pinges
442 1625 570 1660 orbem
607 1628 747 1660 terrae.
814 1621 953 1673 Atque
995 1614 1089 1660 huic
1114 1620 1177 1660 *de
1214 1620 1474 1674 laquearibus
1520 1619 1747 1661 artificiosis

263 1694 489 1733 sententiae
530 1693 704 1731 fortasse
745 1691 927 1731 eiusdem
962 1691 1331 1744 comprehensionis
1362 1691 1514 1732 ambitu
1542 1693 1593 1731 fr.
1621 1691 1748 1732 XVII

213 1792 215 1796 -
263 1763 470 1817 adhaesit:
510 1756 757 1813 λιθόστρωτα
787 1762 1008 1810 pavimenta
1039 1768 1075 1799 et
1105 1763 1274 1810 parietes
1306 1765 1540 1801 incrustatos
1569 1775 1623 1801 sc.
1651 1761 1748 1801 mihi

263 1834 412 1882 facies,
458 1839 502 1872 ut
538 1847 670 1886 supra.
719 1829 962 1884 λιθόστρωτα
998 1833 1139 1871 Iunius
1171 1834 1373 1872 correxit:
1417 1833 1510 1872 libri
1538 1847 1578 1886 p.
1609 1839 1694 1881 129,
1726 1840 1750 1874 3

262 1907 543 1957 μεθοστροστα.
599 1907 665 1945 De
697 1919 777 1959 quo
807 1916 957 1956 genere
983 1903 1304 1954 pavimentorum
1334 1903 1429 1944 vide
1450 1903 1626 1942 Beckeri
1648 1903 1748 1944 Gal-

262 1977 345 2014 lum
381 1976 426 2015 II
456 1989 498 2028 p.
527 1982 597 2018 206
631 1982 672 2016 et
699 1990 738 2029 p.
769 1982 849 2017 208.
910 1975 1151 2012 Incrustatos
1188 1973 1514 2024 Laurenbergius
1553 1976 1595 2013 in
1629 1974 1746 2013 Anti-

264 2046 404 2098 quario
431 2059 464 2084 s.
484 2059 547 2096 v.;
579 2046 674 2085 libri
702 2052 908 2091 crustatus,
940 2043 1048 2082 unde
1076 2043 1217 2082 Iunius
1249 2050 1462 2083 crustatos:
1489 2044 1563 2084 sed
1582 2045 1625 2082 in
1644 2044 1743 2082 lem-

263 2122 371 2155 mate
403 2117 530 2155 Nonii
565 2122 628 2156 est
665 2120 919 2155 incrustatum
950 2120 991 2153 et
1025 2114 1084 2159 sic
1112 2116 1275 2167 saepius
1305 2116 1436 2155 Varro
1466 2128 1599 2154 rerum
1627 2116 1744 2154 rusti-

264 2201 402 2226 carum
428 2188 495 2225 III
526 2194 584 2235 14,
611 2195 647 2228 5.
680 2194 737 2235 15,
766 2195 801 2227 1.
859 2188 925 2225 De
953 2186 1185 2225 incrustatis
1209 2186 1431 2239 parietibus
1458 2186 1553 2226 vide
1576 2185 1747 2226 eundem

263 2258 493 2297 Beckerum
522 2258 553 2298 l.
585 2271 623 2299 c.
651 2271 691 2310 p.
722 2249 804 2298 3211.
835 2264 924 2306 271,
957 2257 1008 2297 cf.
1041 2264 1120 2299 213-

376 2363 493 2400 Haec
527 2368 662 2401 autem
696 2362 773 2400 duo
807 2363 1034 2413 fragmenta
1072 2369 1242 2414 apparet
1278 2375 1383 2400 nunc
1428 2375 1506 2414 quo
1537 2362 1623 2400 iure
1651 2375 1744 2400 con·
1788 2410 1792 2415 ι

263 2434 429 2472 iunctim
462 2433 723 2471 adnexuerim
751 2432 851 2481 illis,
892 2433 1037 2484 quibus
1072 2435 1208 2485 prisca
1237 2431 1479 2471 aedificandi
1509 2429 1744 2484 simplicitas

265 2504 503 2557 depingitur.
542 2503 717 2550 Pridem,
743 2503 872 2542 Varro
894 2505 962 2551 ait,
987 2504 1140 2542 abolita
1166 2504 1240 2542 illa
1261 2503 1469 2550 modestia,
1494 2515 1600 2540 nunc
1622 2501 1745 2552 vulgo

264 2575 484 2613 architecto
515 2574 617 2612 talia
634 2574 902 2624 imperantur:
933 2574 1196 2628 maeandrata
1212 2572 1420 2611 lacunaria
1439 2572 1534 2610 mihi
1555 2572 1684 2610 facies
1706 2577 1746 2610 et

265 2642 507 2695 λιθόστρωτα
541 2644 772 2695 pavimenta
806 2649 847 2682 et
884 2643 1041 2696 reliqua
1075 2639 1279 2695 deinceps.
1338 2644 1404 2681 De
1432 2655 1479 2680 eo
1504 2655 1602 2680 vero
1632 2642 1743 2693 pavi-

264 2723 490 2764 mentorum
516 2728 666 2766 genere
697 2715 818 2753 etiam
849 2702 1123 2753 continuatam
1141 2713 1278 2752 *fuisse
1309 2712 1620 2764 disputationem
1650 2712 1741 2760 hae,

265 2801 365 2840 quas
395 2788 598 2839 proximas
627 2785 757 2838 posui,
787 2784 982 2838 reliquiae
1013 2790 1208 2836 arguunt:

377 2891 526 2931 XVIII
557 2889 636 2942 (19)
674 2890 750 2927 Secl
785 2902 883 2938 quae
921 2893 1127 2928 necessitas
1165 2896 1200 2927 te
1239 2891 1338 2927 iubet
1372 2901 1511 2937 aquam
1541 2889 1743 2937 effundere
