1898 3236
240 253 291 294 18
802 260 1144 307 commeritum.

237 367 388 414 Varro,
429 379 507 418 quo
542 365 821 404 admirabilem
860 367 942 404 vim
971 366 1150 404 musicae
1180 366 1222 404 in
1252 365 1362 404 feras
1391 371 1432 404 et
1460 379 1617 406 omnem
1645 380 1715 405 na-

237 445 367 477 turam
405 450 538 476 rerum
575 437 772 486 insignius
808 436 1051 483 illustraret,
1096 435 1174 474 hoe
1209 437 1299 475 loco
1345 437 1466 475 etiam
1497 435 1716 488 Orpheum,

238 508 530 560 Amphionem,
574 506 674 544 alios
712 506 916 556 tetigerit,
954 518 1121 558 quorum
1158 512 1318 545 cantum
1351 512 1391 545 et
1424 507 1619 546 musicam
1647 507 1718 545 mi-

238 579 383 617 rabilia
426 590 664 629 procreasse
706 575 1003 615 fabulabantur.
1067 576 1151 615 Sed
1186 576 1236 615 de
1281 590 1359 629 quo
1403 577 1571 616 dicimus
1611 577 1718 627 frag-

238 655 417 688 mentum
456 647 639 686 Kochius
677 648 718 686 in
756 647 1112 686 exercitationibus
1154 648 1303 686 criticis
1342 661 1382 699 p.
1422 653 1465 689 27
1501 649 1542 686 in
1578 661 1720 686 versus

240 719 466 758 distribuit:

441 799 527 835 Non
555 799 682 835 vidisti
707 798 825 834 leonis
851 799 1099 835 simulacrum
1127 797 1221 834 Idae
1245 799 1284 834 in
1315 799 1395 834 loco

449 868 516 904 Ubi
542 868 729 914 quondam
761 869 882 904 subito
912 879 996 904 cum
1026 868 1205 904 vidissent
1234 869 1519 916 quadrupedem

447 939 620 987 Typanis
650 938 751 974 Galli
770 937 950 985 fecerunt
978 948 1174 975 mansuem
1205 939 1300 975 adeo
1323 943 1365 975 ut
1389 938 1563 975 manibus

446 1010 685 1047 Tractarent.

241 1101 322 1153 Qui
353 1098 461 1152 quod
491 1098 541 1136 de
571 1097 798 1148 galliambis
827 1098 1040 1148 cogitavit,
1078 1111 1159 1136 non
1187 1098 1325 1149 inepte
1353 1096 1451 1134 feeit
1478 1097 1519 1134 in
1545 1109 1592 1134 eo
1616 1096 1719 1145 loco,

243 1185 322 1224 quo
363 1170 413 1209 de
447 1169 576 1210 Gallis
609 1173 648 1205 et
677 1180 848 1218 magnae
880 1169 1016 1206 matris
1048 1168 1157 1206 cultu
1187 1168 1331 1218 agitur.
1392 1165 1475 1205 Sed
1516 1167 1544 1204 ii
1580 1180 1721 1205 versus

242 1255 320 1294 quo
357 1239 584 1293 prodirent,
630 1244 772 1290 quater
808 1239 850 1276 in
883 1237 1010 1276 tribus
1039 1237 1224 1277 versibus
1252 1235 1542 1289 transponendi
1571 1237 1720 1275 machi-

240 1325 331 1350 nam
363 1310 528 1356 ascivit‚
568 1312 620 1348 ad
648 1311 759 1348 Idam
789 1321 809 1347 e
839 1312 918 1347 loeo
948 1309 1118 1347 mutavit
1145 1309 1187 1346 in
1214 1310 1310 1347 Idae
1339 1311 1379 1346 in
1407 1309 1505 1353 loeo,
1548 1306 1721 1359 denique

240 1395 324 1421 eum
353 1381 517 1420 delevit.
577 1379 705 1431 Atqui
734 1379 887 1431 absque
916 1380 1032 1418 metri
1061 1380 1305 1418 necessitate
1337 1383 1467 1425 esset,
1504 1390 1621 1415 nemo
1654 1376 1722 1415 vel

240 1454 281 1490 in
310 1464 394 1490 eum
431 1451 620 1490 haereret
648 1448 716 1487 vel
751 1452 802 1487 ad
829 1450 940 1487 Idam
982 1461 1025 1488 eo
1061 1452 1140 1488 loco
1175 1449 1296 1488 facile
1332 1461 1420 1487 cum
1449 1447 1529 1486 illis
1559 1449 1654 1486 Idae
1683 1451 1722 1485 in

241 1526 321 1561 loco
350 1521 585 1560 commutari
615 1520 759 1568 ferret,
791 1533 894 1572 quae
924 1520 1020 1559 mihi
1051 1519 1213 1572 quidem
1241 1519 1400 1570 longius
1432 1531 1455 1556 a
1484 1519 1613 1556 forma
1643 1518 1721 1570 pri-

242 1593 382 1631 mitiva
412 1591 556 1630 abesse
592 1590 794 1629 videntur.
856 1589 1173 1629 collocationem
1212 1596 1346 1630 autem
1382 1587 1597 1629 verborum
1635 1601 1724 1626 cum

243 1661 454 1700 considero
495 1675 605 1709 eam,
657 1675 776 1713 quam
816 1661 949 1699 Nonio
988 1666 1199 1713 acceptam
1236 1662 1467 1700 referimus:
1517 1671 1600 1698 eum
1638 1672 1723 1697 eum

242 1734 423 1771 vidissent
452 1734 758 1780 quadrupedem,
791 1733 892 1770 Galli
915 1734 1108 1781 tympanis
1139 1735 1232 1770 adeo
1255 1732 1436 1780 fecerunt
1461 1742 1656 1768 mansuem
1682 1735 1724 1768 ut

242 1808 456 1840 tractarent
484 1805 679 1849 manibus,
711 1803 849 1841 nescio
880 1815 999 1854 quem
1028 1801 1132 1840 haec
1163 1801 1260 1840 mihi
1290 1802 1470 1840 nativum
1501 1805 1542 1839 et
1571 1799 1721 1852 simpli-

244 1887 331 1912 cem
367 1873 542 1912 colorem
583 1872 736 1911 referre
773 1871 989 1911 videantur
1025 1884 1123 1924 prae
1158 1870 1258 1919 illis,
1304 1885 1408 1923 quae
1436 1871 1596 1910 Kochio
1634 1871 1721 1923 pla·
1765 1866 1768 1868 ’

245 1949 435 1982 cuerunt:
474 1956 558 1981 cum
586 1945 765 1980 vidissent
797 1945 1084 1991 quadrupedem
1113 1944 1268 1991 typanis
1288 1943 1388 1979 Galli
1409 1943 1590 1991 fecerunt
1617 1955 1723 1980 man-

242 2026 346 2052 suem
368 2016 462 2051 adeo
484 2019 526 2051 ut
546 2009 720 2051 manibus
745 2018 969 2051 tractarent.
1032 2012 1114 2052 Sed
1134 2024 1276 2051 versus
1300 2013 1399 2051 istos
1425 2013 1534 2066 ipsos
1557 2027 1608 2053 ne
1630 2027 1722 2052 con-

243 2085 383 2123 venire
413 2082 575 2136 quidem
606 2083 703 2121 artis
732 2083 815 2133 legi
845 2083 1012 2130 sentiet,
1047 2083 1115 2135 qui
1144 2084 1332 2136 Roepero
1356 2083 1560 2135 Philologi
1589 2085 1654 2123 IX
1682 2098 1722 2136 p.

242 2161 312 2197 234
343 2168 403 2208 sq.
436 2153 704 2205 adstipulatus
744 2154 892 2192 cretico
919 2153 1030 2192 finali
1058 2154 1098 2192 h.
1129 2167 1164 2193 e.
1196 2153 1457 2192 anaclomeno
1487 2155 1723 2194 catalectico

242 2238 324 2263 non
361 2222 510 2262 debere
540 2224 607 2263 vel
642 2237 784 2276 purum
821 2224 996 2264 ionicum
1035 2224 1104 2263 vel
1140 2225 1357 2264 molossum
1387 2225 1590 2277 praemitti
1620 2224 1723 2263 arbi-

242 2294 425 2333 trabitur.
483 2293 590 2333 Nam
619 2293 823 2342 Kochius,
866 2309 943 2348 quo
971 2295 1022 2334 ad
1054 2294 1353 2335 defendendam
1388 2309 1476 2334 eam
1503 2295 1722 2343 licentiam,

245 2379 326 2418 qua
354 2364 591 2403 ‘anaelasim
619 2364 706 2403 fere
737 2364 898 2417 syllaba
927 2366 1050 2416 longa
1077 2366 1339 2418 praecedat',
1369 2367 1561 2406 Varronis
1589 2379 1722 2404 exem-

243 2436 311 2488 plo
341 2436 485 2484 utitur,
523 2436 564 2473 in
596 2448 642 2473 eo
674 2434 857 2487 quidem,
896 2435 1015 2474 modo
1055 2441 1191 2474 cetera
1225 2436 1353 2489 proba
1390 2436 1548 2485 essent,
1587 2438 1724 2475 matri’

247 2505 463 2545 scribendo
491 2519 564 2558 pro
593 2509 729 2544 matris
759 2493 912 2544 evitare
944 2505 1167 2543 anaclasim
1196 2505 1311 2544 licet:

451 2598 534 2635 Tibi
560 2602 705 2646 typana
736 2609 812 2635 non
839 2598 966 2634 inanis
995 2598 1140 2634 sonitus
1168 2597 1298 2647 matri'
1328 2598 1449 2635 deum.

244 2687 396 2726 Verum
426 2692 470 2725 ut
497 2687 653 2725 incerta
680 2688 751 2735 iis,
787 2698 893 2739 quae
925 2681 1164 2734 certa'sint,
1195 2700 1404 2737 regamus,
1441 2699 1516 2737 age
1546 2685 1724 2733 breviter

246 2758 331 2795 eius
352 2758 469 2796 metri
498 2757 684 2808 exempla
703 2756 956 2797 Varroniana
987 2757 1120 2795 omnia
1142 2757 1430 2810 expendamus.
1479 2756 1593 2794 Inter
1615 2769 1719 2807 quae

246 2829 458 2867 certissimi
484 2833 577 2866 sunt
605 2832 645 2865 et
674 2828 873 2879 scriptura
903 2829 1129 2867 certissima
1158 2829 1195 2866 ei
1225 2840 1387 2874 versuS,
1419 2839 1518 2878 quos
1545 2826 1595 2866 G.
1617 2825 1721 2863 Her-

245 2912 414 2937 mannus
443 2900 483 2937 in
515 2898 724 2936 elementis
756 2897 794 2936 d.
819 2913 871 2937 m.
901 2913 942 2951 p.
972 2906 1038 2940 505
1063 2898 1291 2937 recensuit:
