1898 3236
216 252 239 291 8
783 261 1126 293 οοΝῐΕοΤΑΝΕΑ.

414 367 520 414 Ergo
551 371 628 403 tum
659 367 804 403 Romae
834 378 972 403 sacrae
1002 372 1209 415 castaeque
1235 369 1399 416 fuerunt

417 437 495 474 Res
525 446 663 473 omnes.

217 526 333 564 Alter
369 538 534 572 versus,
590 538 709 576 quem
748 525 904 562 Nonius
946 531 1171 564 truncatum
1203 527 1389 576 tradidit,
1442 534 1695 582 pentameter

215 596 335 634 fuerit
372 610 424 634 an
459 596 716 642 hexameter,
756 596 845 648 quis
882 602 1062 648 praestet
1100 597 1251 638 hodie?
1301 599 1374 638 sed
1413 612 1502 638 cum
1540 601 1692 647 recolo,

214 682 317 720 quac
357 668 407 706 de
438 666 699 707 distichorum
730 679 803 704 usu
833 667 873 704 in
905 667 1088 705 clausula
1119 671 1275 718 monui,
1322 677 1361 709 et
1393 669 1560 709 alterum
1592 670 1695 709 illud

214 738 442 789 exemplum
471 737 667 789 respicio,
704 735 865 774 videtur
894 737 989 775 mihi
1019 744 1271 788 pentameter
1300 741 1447 788 fuisse,
1485 753 1604 792 quem
1634 740 1693 778 lu-

214 807 392 846 dibunda
421 821 540 847 manu
570 807 736 859 expleas
766 808 807 844 in
836 807 942 845 hunc
973 807 1153 846 modum:

414 900 492 936 Res
519 910 668 935 omnes:
699 904 738 935 at
769 910 871 935 nunc
900 900 1016 946 impia
1043 901 1156 937 turba
1186 911 1328 938 sumus.

325 989 572 1039 Fragmenta
600 988 659 1026 IV
699 994 737 1026 et
762 988 798 1026 V
832 987 1002 1026 diversis
1041 988 1141 1027 locis
1177 1003 1201 1027 a
1231 990 1362 1029 Nonio
1396 990 1455 1042 (p.
1486 997 1548 1037 49,
1582 998 1627 1032 32
1655 998 1694 1029 et

212 1074 250 1110 p.
280 1066 332 1105 16,
359 1059 421 1110 22)
449 1057 596 1097 tradita
622 1058 821 1096 neminem
848 1058 952 1109 fugit
977 1059 1018 1096 in
1046 1071 1165 1097 unam
1187 1061 1428 1098 sententiam
1454 1061 1691 1102 continuari.

212 1129 259 1166 l'n
297 1129 430 1180 priore
470 1142 573 1180 quae
614 1127 875 1179 perhibentur
913 1132 1124 1168 melodinist
1160 1142 1251 1168 onos
1289 1133 1415 1180 lyras,
1460 1144 1509 1169 ea
1547 1144 1691 1181 graece

212 1199 363 1250 scripta
393 1198 614 1248 μελωδεῐν*
652 1191 730 1236 ἐστ’
763 1193 854 1245 ὄνος
885 1194 1003 1250 λύρας
1034 1200 1084 1240 G.
1116 1198 1313 1239 Canterus
1341 1215 1434 1239 nov.
1460 1202 1552 1241 lect.
1586 1203 1622 1242 V
1649 1209 1693 1242 22

214 1269 395 1319 (Gruteri
422 1270 564 1320 Lamp.
605 1269 670 1307 III
705 1283 743 1321 p.
777 1269 866 1321 634)
910 1270 1132 1321 integritati
1172 1269 1412 1309 vindicavit:
1462 1286 1565 1325 quae
1603 1286 1691 1311 cum

213 1335 411 1375 Oehlerus
453 1338 608 1377 calculo
644 1338 855 1391 probaret,
901 1353 951 1378 ex
987 1346 1103 1392 parte
1142 1355 1279 1380 rursus
1307 1342 1558 1394 „depravavit
1596 1344 1691 1382 scri-

211 1414 387 1459 pturam,
428 1409 496 1461 qui
533 1422 694 1448 versum
729 1410 806 1448 ita:
862 1412 897 1447 si
933 1413 1016 1459 quis
1047 1410 1234 1459 μελωδεῖν
1264 1419 1320 1450 esc
1351 1406 1442 1459 ὄνος
1474 1408 1594 1463 λύρας
1625 1427 1691 1452 ex-

211 1478 463 1529 primendum
514 1480 691 1526 curavit,
739 1493 790 1518 ne
834 1478 936 1517 illud
979 1479 1142 1531 quidem
1182 1482 1419 1529 attendens,
1469 1479 1547 1521 uno
1585 1483 1692 1535 pede

211 1548 392 1586 mutilum
436 1563 525 1587 esse
563 1551 778 1588 senarium.
847 1548 963 1588 Idem
1002 1550 1052 1588 de
1092 1563 1228 1589 eorum
1267 1566 1455 1592 versuum
1493 1555 1694 1593 sententia

212 1619 383 1665 fallitur,
428 1633 517 1658 cum
547 1621 690 1659 referri
724 1619 862 1658 iubeat
899 1619 967 1657 ‘ad
999 1633 1089 1669 eos,
1132 1623 1199 1673 qui
1230 1623 1427 1673 neglectis
1460 1631 1500 1662 et
1529 1624 1691 1676 postha-

212 1690 303 1728 bitis
335 1691 560 1729 omnibus
592 1690 780 1729 studiis
811 1690 1209 1730 liberalioribus
1241 1694 1314 1731 toti
1344 1695 1384 1732 in
1409 1693 1530 1732 rebus
1557 1694 1690 1734 foren-

211 1759 320 1798 sibus
352 1763 629 1812 occupentur.'

669 1761 743 1800 Cui
774 1761 1034 1812 explicationi
1063 1775 1152 1800 cum
1183 1762 1288 1801 obsit
1316 1765 1473 1803 nonnisi
1499 1765 1550 1803 de
1572 1771 1692 1804 cantu

211 1837 254 1880 et·
297 1832 451 1870 musica
496 1832 776 1885 accipiendum
820 1829 1009 1885 μελῳδεῖν
1052 1832 1313 1881 vocabulum,
1373 1840 1455 1874 tum
1493 1839 1689 1883 amusium,

211 1902 366 1940 etiamsi
392 1903 521 1954 possit
549 1903 670 1941 latius
697 1908 862 1954 patente
885 1903 1048 1941 notione
1074 1902 1124 1942 de
1155 1905 1298 1942 artium
1326 1905 1553 1944 liberalium
1576 1907 1688 1957 igno-

209 1973 363 2010 ratione
395 1972 591 2023 intellegi,
621 1979 757 2012 tamen
786 1973 863 2012 hoc
891 1987 998 2012 nexu
1027 1980 1067 2012 et
1097 1975 1137 2012 in
1163 1974 1239 2012 hac
1269 1977 1517 2026 potissimum
1542 1982 1702 2030 satura„

211 2043 324 2080 cuius
363 2048 421 2080 tot
451 2042 647 2095 reliquiae
685 2057 878 2095 expresse
908 2044 1102 2083 musicam
1138 2045 1340 2092 referant,
1382 2046 1480 2084 nihil
1507 2048 1690 2099 profecto

210 2111 395 2158 adducit,
435 2118 478 2150 ut
508 2113 549 2150 in
584 2112 695 2151 illam
728 2114 860 2164 potius
901 2127 1020 2166 quam
1056 2115 1097 2153 in
1134 2116 1338 2166 propriam
1363 2110 1455 2154 ‘vim
1495 2118 1607 2156 vocis
1640 2118 1690 2157 de

209 2183 387 2221 musicae
417 2184 513 2222 artis
543 2183 745 2235 imperitia
779 2184 1102 2237 interpretemur.
1163 2185 1229 2223 De
1267 2187 1550 2236 paronomasia
1586 2201 1690 2239 quae

210 2263 271 2291 est
305 2254 346 2291 iu
374 2254 435 2292 his
467 2257 623 2293 delectet
647 2276 703 2282 ——
727 2257 842 2294 lactet
877 2256 1008 2307 possis
1049 2269 1072 2294 a
1103 2254 1328 2294 Ribbeckio
1358 2256 1538 2295 refictum
1568 2258 1690 2296 Ennii

209 2338 372 2363 versum
397 2330 500 2375 trag.
531 2332 600 2367 390
629 2326 834 2364 conferre:

351 2404 416 2442 Se‘t
445 2416 503 2442 me
533 2407 666 2453 Apollo
697 2406 803 2453 ἱρεὺς
833 2408 993 2443 delectat
1025 2404 1178 2456 [hietat]
1210 2409 1341 2443 ductat
1368 2407 1547 2454 De'lfi'cus.

323 2483 388 2522 Ad
414 2484 662 2535 prooemium
692 2483 792 2522 nihil
816 2489 878 2522 est
898 2488 1133 2535 praeterea,
1167 2483 1273 2535 quod
1298 2484 1563 2524 confidentius
1585 2487 1688 2525 refe—

209 2560 335 2592 ratur:
378 2567 429 2592 ne
460 2553 510 2592 de
543 2559 662 2592 cantu
693 2554 875 2606 quidem,
915 2554 982 2605 qui
1011 2553 1111 2592 illud
1143 2554 1324 2605 excepit,
1356 2555 1443 2606 ipso
1475 2556 1688 2608 quicquam

208 2626 370 2675 vestigii
408 2630 538 2672 extat,
583 2625 680 2664 licet
711 2638 760 2664 ex
791 2624 951 2663 indiciis
983 2624 1224 2677 quibusdam
1258 2624 1447 2675 colligas,
1493 2615 1700 2664 musicum*

210 2708 371 2733 carmen
402 2708 423 2733 e
455 2694 687 2734 sublimiore
723 2696 860 2748 poe‘sis
888 2709 1039 2746 genere
1069 2695 1180 2733 tenui
1215 2708 1262 2733 ac
1292 2695 1447 2747 liquida
1477 2709 1578 2735 voce
1608 2710 1689 2735 non

209 2765 295 2802 sine
324 2766 587 2804 instrumento
620 2767 830 2805 cecinisse.

323 2834 453 2873 Oantu
503 2841 669 2887 peracto
721 2843 914 2876 consueta
960 2837 1157 2875 scaenicis
1203 2835 1472 2874 concludendi
1517 2836 1687 2874 formula

210 2907 347 2951 valete,
378 2905 526 2956 inquit,
