1898 3236
228 258 277 297 12
793 264 1136 296 comec'rANEA.

339 372 380 409 X
402 370 457 421 (8)
519 372 660 419 Nempe
689 382 777 408 sues
813 371 1004 407 silvaticos
1038 371 1078 406 in
1111 372 1296 407 montibus
1325 372 1487 408 sectaris
1521 373 1702 409 venabulo

451 446 517 478 aut
540 452 683 484 cervos,
716 442 782 487 qui
805 442 871 477 tibi
897 442 992 478 nihil
1015 442 1107 478 mali
1130 441 1321 489 fecerunt,
1353 443 1516 478 verutis:
1545 442 1606 485 ah,
1638 454 1702 478 ar-

451 518 523 549 tem
550 513 822 559 praeclaram!

338 614 405 651 Fr.
425 612 518 659 IX,
553 610 603 649 de
634 611 745 648 euius
772 612 966 650 memoria
994 610 1181 649 videatur
1210 611 1417 650 Mereerus
1448 611 1500 649 ad
1529 612 1703 650 Nonium

225 697 262 734 p.
291 688 372 729 182,
399 689 463 728 30,
490 680 712 719 illustratur
738 681 861 730 ratio,
890 695 970 734 qua
990 683 1120 721 Varro
1140 682 1347 733 prosariae
1370 681 1539 719 orationi
1563 679 1703 732 (oredo

226 751 330 789 enim
357 750 459 788 haec
486 751 644 799 iuryare
667 754 789 798 coepit
809 754 938 790 dicens
961 751 1167 803 pedestria
1187 752 1321 803 potius
1342 764 1462 803 quam
1481 752 1548 790 vel
1570 757 1701 804 septe-

224 821 325 859 narii
364 820 516 858 exitum
554 818 661 871 esse)
700 820 961 860 immiscuerit
989 834 1164 861 .versus:
1205 834 1253 859 ac
1293 822 1430 859 nescio
1466 835 1584 874 quam
1612 836 1702 874 pro—

225 890 414 929 babiliter
442 890 690 929 Ritschelius
721 892 762 929 in
790 891 872 930 ind.
904 891 1000 930 leot.
1028 891 1158 929 Bonn.
1188 889 1270 928 hib.
1304 896 1495 932 1854—55
1529 906 1567 943 p.
1598 892 1703 931 VIII

226 961 296 999 illa
327 974 416 999 eum
444 961 669 1000 hexametri
697 963 777 1001 fine
805 963 847 1001 in
873 963 990 1001 unius
1020 961 1172 1000 heroici
1198 961 1368 999 formam
1397 961 1703 1012 conglutinarit:

426 1063 592 1112 Iurqare
621 1066 765 1112 occepit
790 1066 941 1102 dicens:
971 1075 1069 1112 quae
1099 1066 1173 1100 iam
1201 1064 1303 1111 sacis
1332 1067 1368 1100 et
1393 1075 1490 1110 quor

226 1153 325 1192 Mihi
358 1152 518 1191 videtur
541 1154 674 1205 potius
703 1152 941 1204 obiurgatio,
972 1152 1156 1191 versibus
1188 1156 1396 1204 concepta,
1427 1152 1539 1190 initio
1561 1166 1706 1191 manea

227 1238 337 1262 esse:
376 1236 496 1275 quem
525 1222 749 1271 defectum,
788 1236 867 1277 quo
898 1223 1098 1261 sententia
1129 1227 1297 1269 constet,
1328 1222 1459 1274 possis
1489 1223 1546 1261 ita
1574 1237 1703 1262 resar-

227 1294 331 1331 cire:
373 1306 495 1342 nuque
531 1299 638 1339 sunt,
677 1306 774 1342 quae
812 1295 925 1343 facis.
986 1292 1069 1332 Sed
1098 1293 1228 1331 Varro
1259 1292 1427 1331 forsitan
1455 1298 1602 1346 poe'tae
1634 1294 1704 1333 ali-

228 1364 340 1402 cuius
372 1363 487 1401 nobis
518 1362 717 1414 deperditi
746 1376 888 1401 versus
919 1363 1118 1415 apposuit.
1152 1363 1265 1402 Solet
1296 1364 1400 1402 enim
1421 1362 1588 1402 aliorum
1607 1369 1703 1416 poe·—

227 1440 356 1472 tarum
387 1433 564 1471 flosculis
594 1446 705 1471 suam
737 1432 983 1483 distinguere
1015 1434 1249 1482 orationem,
1279 1440 1323 1472 ut
1350 1438 1581 1473 Eum-monum
1613 1435 1661 1474 fr.
1685 1443 1705 1476 5

432 1552 577 1562 .....
604 1525 694 1560 datm
721 1534 894 1561 sermone
924 1523 1098 1561 ee'nulam
1130 1523 1324 1561 variemus

429 1594 601 1632 ‘Interea
632 1596 751 1631 tonuit
778 1595 869 1630 bene
898 1598 1118 1642 tempestate
1148 1596 1315 1632 serena?

229 1685 280 1723 ad
310 1684 430 1723 Ennii
461 1696 622 1722 versum
652 1682 855 1721 annalium
886 1687 952 1723 517

435 1776 528 1812 Tum
559 1776 678 1811 tonuit
708 1776 856 1811 laevum
883 1774 974 1810 bene
1004 1779 1223 1821 tempestate
1252 1785 1390 1811 serena

228 1864 392 1903 alludit:
427 1869 467 1902 et
495 1862 676 1902 eiusdem
704 1862 825 1901 Ennii
851 1861 1035 1901 versibus
1062 1876 1158 1901 usus
1189 1868 1251 1900 est
1276 1867 1491 1901 Tasmmssxn
1520 1865 1568 1902 fr.
1593 1871 1615 1904 2

341 1937 377 1972 Ε
406 1946 488 1971 mea
520 1936 815 1982 Philophthonia
852 1935 971 1977 natis,
1015 1945 1108 1982 quos
1138 1934 1343 1982 Menippea
1379 1936 1550 1972 haeresis
1583 1939 1706 1973 nutri—

227 2012 315 2043 caea
347 2012 420 2049 est,
452 2011 596 2042 tutores
625 2006 671 2041 clo
759 2001 762 2003 ’

430 2076 522 2120 ‘Qui
541 2085 620 2111 rem
646 2075 859 2111 Romanam
886 2076 1109 2123 Latiumque
1134 2082 1338 2123 anyescere
1367 2077 1507 2115 vultis.'

230 2166 281 2204 cf.
311 2165 514 2203 annalium
544 2178 581 2202 v.
610 2171 699 2203 455:
737 2168 777 2201 et
806 2168 1006 2200 Pnommnm
1043 2165 1092 2203 fr.
1122 2172 1144 2206 9

431 2254 635 2292 Huma'nae
660 2258 853 2302 quandam
882 2256 1029 2304 qe'ntem
1057 2257 1189 2303 stirpis
1217 2256 1415 2304 eo'ncoquit

429 2327 587 2374 ‘Friyzts
612 2327 740 2362 calore
769 2330 882 2374 atque
911 2328 1039 2364 timore
1059 2328 1293 2364 ‚aricztdinem

431 2395 595 2434 Misee't?

232 2489 283 2525 of.
315 2485 548 2538 Epicharmi
578 2483 626 2522 fr.
657 2483 702 2522 H

432 2576 589 2624 Frz'yori
619 2573 748 2612 misce't
774 2577 940 2612 calorem
970 2580 1083 2624 atque
1113 2578 1237 2615 timori
1265 2579 1504 2616 aritztdinem.

232 2668 284 2705 of.
321 2665 568 2705 Ribbeekius
606 2677 699 2702 nov.
737 2676 837 2702 mus·
872 2665 1002 2705 Rhen.
1039 2667 1081 2706 X
1110 2681 1149 2719 p.
1178 2673 1259 2708 286.
1315 2667 1419 2706 Item
1448 2667 1497 2706 de
1529 2669 1707 2719 Pacuvio

232 2744 391 2788 sumpta
420 2742 513 2775 sunt
541 2735 644 2775 haec
673 2740 778 2774 Mami
814 2736 862 2776 fr.
893 2745 914 2777 5

929 2851 982 2855 —
1014 2840 1106 2877 ayer
1132 2831 1461 2877 derelinqueretur
1490 2842 1536 2867 ac
1560 2832 1709 2877 periret

433 2895 605 2945 ‘Squale
621 2901 830 2947 scabreque
858 2900 997 2936 intz'wie
1024 2903 1062 2936 et
1090 2900 1344 2936 vastitudine?
