1898 3236
254 250 332 291 198
821 255 1161 287 comnc‘rANEA.

250 364 347 403 tiam
375 364 495 402 etiam
530 363 571 400 in
602 361 682 400 alia
710 366 873 414 praeter
898 366 1035 400 Mmum
1065 367 1201 400 satura
1231 361 1446 411 extulisse,
1484 363 1613 413 potuit
1639 362 1725 401 fere

250 434 395 473 iisdem
423 433 578 480 verbis,
615 439 659 471 ut
695 446 746 471 ex
777 445 826 471 ea
856 434 1051 472 dictorum
1082 433 1321 483 cognatione
1351 446 1432 471 non
1463 432 1726 471 confidentius

252 505 373 543 etiam
402 504 607 543 titulorum
637 503 935 543 cohaerentiam
961 504 1207 555 collegerim.
1267 505 1321 543 Et
1347 504 1482 543 obstat
1509 504 1728 542 auctoritas

251 574 395 621 Nonii,
436 588 460 612 a
494 587 571 626 quo
603 589 692 614 cum
722 575 866 626 viginti
894 574 1047 614 duobus
1074 575 1174 614 locis
1204 576 1362 614 Manius
1391 576 1555 623 citetur,
1585 588 1637 613 ne
1666 587 1728 613 se—

251 644 331 683 mel
357 643 519 697 quidem
551 647 617 685 vel
648 647 863 697 vestigium
891 645 1056 684 alterius
1086 647 1357 698 inscriptionis
1377 648 1594 699 reperitur:
1626 659 1730 699 quae

251 729 316 754 res
349 721 541 768 quantum
572 716 624 755 ad
652 717 757 755 hanc
789 730 952 756 causam
980 716 1118 755 valere
1148 717 1347 766 videatur,
1379 718 1485 755 infra
1509 729 1731 769 persequar

251 786 444 840 pluribus.
506 788 650 840 Itaque
689 802 769 826 non
814 787 1008 839 deceptus
1053 788 1133 827 mei
1166 788 1303 841 specie
1328 789 1481 827 inventi
1510 788 1555 841 in
1577 787 1731 826 incerto

251 859 357 897 hanc
397 860 676 911 quaestionem
711 859 918 911 relinquo,
964 859 1042 898 nisi
1078 859 1187 912 quod
1215 859 1314 898 illud
1344 873 1450 898 nunc
1479 858 1616 911 paullo
1646 861 1730 896 cer—

252 930 331 967 tius
368 934 556 981 apparet,
594 929 811 968 Mercklini
840 931 1102 982 suspitionem
1131 930 1290 982 longius
1320 930 1388 969 vel
1415 943 1438 967 a
1471 928 1731 979 similitudine

253 999 341 1038 veri
371 1000 529 1039 abesse.

369 1070 601 1109 comitabor
643 1071 802 1110 interim
838 1071 1106 1111 Mercklinum
1153 1071 1204 1111 ad
1241 1084 1411 1122 graecas
1448 1070 1731 1122 inscriptiones

255 1154 324 1179 eas
361 1141 659 1190 devertentem,
696 1155 799 1195 quae
839 1142 1061 1193 argumenti
1091 1147 1246 1181 tantum
1277 1148 1503 1181 saturarum
1533 1140 1731 1179 indiculos

254 1211 595 1263 complectuntur:
630 1209 720 1264 περὶ
757 1210 964 1264 αἰρέσεων;
1003 1209 1091 1262 περὶ
1120 1207 1362 1263 ἕδεσμᾶτωνς
1399 1208 1488 1262 περὶ
1518 1208 1731 1261 ἕξαγωγῆςς

253 1279 341 1331 περὶ
372 1282 580 1332 κεραυνοῦ.
1463 1303 1465 1305 -
1546 1329 1552 1335 .

367 1352 434 1391 Ad
461 1356 713 1395 Sesouwmxsm
741 1353 822 1393 dixi
845 1353 951 1392 hunc
980 1352 1153 1392 indicem
1185 1366 1272 1391 cum
1302 1354 1429 1406 primo
1458 1366 1508 1391 ex
1534 1352 1616 1391 illis
1645 1349 1733 1402 περὶ

253 1420 440 1475 αἱρέσεων
469 1438 493 1462 a
520 1424 761 1473 Mercklino,
792 1426 860 1478 qui
889 1425 1101 1464 Hertzium
1130 1425 1322 1476 sequitur,
1355 1424 1556 1476 copulari;
1585 1436 1637 1461 ac
1667 1436 1732 1460 cu-

254 1495 398 1533 riosius
431 1509 540 1543 cam,
579 1509 660 1548 qua
688 1495 790 1534 haec
821 1496 959 1534 nititur
986 1495 1175 1547 suspitio,
1207 1496 1521 1546 fragmentorum
1553 1493 1732 1533 similitu-

255 1565 389 1604 dinem
412 1572 649 1618 persecutus
681 1567 878 1615 concessi,
908 1567 1088 1618 potuisse
1115 1580 1164 1605 ea
1183 1579 1262 1604 uno
1285 1566 1509 1618 eodemque
1530 1566 1623 1604 olim
1644 1579 1732 1604 sen-

252 1637 470 1675 tentiarum
508 1635 659 1675 ambitu
693 1651 848 1676 conexa
884 1638 1021 1676 fuisse.
1083 1637 1166 1676 Sed
1202 1642 1335 1675 tamen
1371 1637 1580 1689 quominus
1613 1636 1732 1674 confi-

256 1707 414 1745 dentior
443 1708 483 1745 in
504 1707 719 1746 Mercklini
745 1713 880 1759 partes
908 1707 1080 1759 pedibus
1110 1708 1220 1756 irem,
1250 1707 1454 1760 prohibuit
1476 1706 1597 1754 idem,
1627 1705 1734 1758 quod

254 1779 465 1817 Hertzium
511 1777 679 1830 adduxit
728 1784 771 1816 ut
814 1778 932 1816 modo
969 1778 1118 1816 editam
1159 1779 1429 1818 coniecturam
1466 1777 1559 1815 ilico
1595 1790 1734 1816 rursus

255 1849 418 1886 missam
453 1849 629 1887 faceret:
667 1862 812 1901 nempe
851 1862 941 1887 eum
977 1850 1084 1887 male
1116 1848 1311 1896 habebat,
1352 1848 1527 1887 Nonium
1557 1848 1734 1886 invicem

255 1918 435 1957 eiusdem
476 1923 635 1957 saturae
670 1933 776 1958 nunc
806 1921 979 1972 priorem
1009 1925 1184 1966 tantum,
1223 1932 1329 1956 nunc
1355 1924 1509 1957 tantum
1538 1919 1734 1970 posterio-

254 2002 339 2027 rem
378 1988 680 2041 inscriptionem
714 1990 916 2038 attulisse,
952 1991 1028 2029 hoc
1065 1995 1145 2042 est,
1188 1996 1232 2028 ut
1258 1989 1394 2040 paullo
1424 1991 1649 2028 accuratius
1676 1990 1733 2028 di-

257 2073 364 2107 cam,
405 2059 575 2098 eandem
605 2066 780 2099 saturam
807 2060 1104 2112 duodetriginta
1134 2060 1234 2098 locis
1262 2059 1334 2098 sub
1367 2060 1633 2112 Sesquinlixis
1663 2074 1732 2099 no-

255 2132 375 2179 mine,
406 2130 530 2169 tribus
560 2129 648 2179 περὶ
672 2130 855 2183 αἱρέσεων
883 2133 1010 2171 cit-ari.
1072 2132 1195 2171 Cuius
1221 2131 1383 2183 quidem
1415 2132 1624 2170 varietatis
1653 2136 1733 2170 tes-

256 2201 368 2240 tandi
409 2197 659 2241 Mer‘cklinus
706 2204 786 2242 alia
832 2204 873 2241 in
917 2209 1103 2256 promptu
1150 2216 1241 2241 esse
1276 2201 1464 2253 exempla
1499 2202 1733 2250 autumavit,

255 2286 400 2325 nempe
433 2286 500 2319 ea,
537 2286 642 2324 quae
667 2274 754 2325 ipse
778 2274 958 2326 protulit,
990 2276 1247 2314 coniecturae
1272 2272 1618 2326 probabilitatem,
1656 2286 1737 2310 non

257 2349 456 2381 certorum
488 2343 649 2381 testium
679 2343 799 2382 fidem
827 2350 1007 2392 secutus:
1041 2345 1293 2396 eandemque
1321 2344 1560 2382 varietatem
1588 2342 1737 2380 adiecit

255 2414 513 2452 multifariam
562 2414 808 2465 explicatum
853 2415 1003 2453 habere
1041 2416 1082 2453 in
1113 2415 1419 2453 lacunosissimo
1459 2413 1734 2464 grammatico,

257 2483 418 2536 qualem
453 2496 558 2521 nunc
601 2484 778 2522 Nonium
814 2484 1066 2523 haberemus.
1133 2485 1250 2524 Itane
1288 2485 1415 2523 vero?
1464 2483 1736 2543 undetriginta

254 2555 355 2592 locis
393 2550 482 2604 περὶ
523 2550 709 2604 αἱρέσεων
747 2555 896 2602 verba,
934 2554 1060 2593 tribus
1095 2555 1362 2607 Sesquiulixis
1399 2568 1546 2593 nomen
1578 2550 1735 2592 lacunis

261 2625 451 2677 absorpta
492 2626 708 2676 putamus?
767 2627 830 2664 Ne
867 2626 978 2664 illum
1015 2625 1297 2664 miserabiliter
1325 2627 1574 2678 perforatum
1604 2637 1734 2675 gram-

257 2697 447 2735 maticum
485 2696 772 2744 nanciscimur,
827 2697 862 2735 si
898 2697 1014 2743 unius
1052 2696 1102 2734 de
1142 2695 1354 2745 sexaginta
1393 2696 1552 2734 circiter
1590 2694 1735 2733 saturis

257 2767 464 2818 inscriptio
495 2771 554 2804 tot
583 2767 818 2804 lacunarum
842 2768 1103 2818 suspitionem
1129 2771 1275 2805 movet.
1337 2766 1394 2804 At
1423 2780 1518 2805 vero
1544 2763 1733 2804 Merckli-

257 2851 332 2876 nus
363 2851 451 2876 cum
483 2837 635 2876 diceret
661 2836 710 2875 de
736 2833 893 2875 lacunis
914 2837 1049 2885 Nonii,
1076 2838 1268 2888 cogitavit
1299 2844 1409 2876 certe
1441 2838 1561 2875 etiam
1585 2834 1647 2873 de·
1664 2847 1733 2872 ne—

259 2907 466 2959 glegentia
495 2909 579 2946 eius
610 2908 882 2958 grammatici,
914 2921 1035 2959 quam
1063 2908 1168 2946 infra
1194 2922 1233 2960 p.
1265 2913 1330 2949 391
1360 2922 1419 2959 sq.
1450 2918 1530 2945 non
1559 2906 1644 2944 sine
1671 2919 1733 2943 ra-

1261 3067 1281 3082 Χ
