1898 3236
250 276 304 318 48
735 275 737 277 ’
825 289 1166 325 comnc'rANEA.

360 393 425 434 IX
457 391 514 444 (9)
546 393 747 431 Dominum
778 396 944 441 convivi,
975 398 1101 434 vinum
1134 400 1293 438 altudve'
1312 401 1406 447 quid
1429 403 1482 438 mi
1506 403 1674 442 laudato.

248 470 502 523 Sie'Nonius
526 495 566 534 p.
599 489 679 532 281,
709 490 768 531 30,
795 483 872 522 nisi
902 485 1011 539 quod
1038 490 1208 526 convivii.
1271 487 1494 545 Oebleru's,
1525 491 1634 544 quo'd
1662 492 1733 532 alii

245 554 525 606 praeiverunt,
565 556 714 592 aliudve
749 557 905 603 qn‘dni?
942 578 1000 584 —
1039 560 1219 596 laudato!
1275 558 1315 597 A
1344 572 1423 612 quo
1454 571 1534 599 non
1563 560 1744 602 multum'

249 623 457 675 Gerlabehii
488 622 755 662 commentum
787 613 980 666 discedit:
1020 630 1189 674 aliudve,
1229 632 1364 678 quidni
1390 633 1577 670 laudabo?
1634 633 1732 672 Sine

246 695 401 734 ratione
424 701 657 748 utrumque·
687 708 780 734 nam
804 700 856 735 mi
884 698 1014 737 forma
1034 699 1206 739 Varroni
1232 700 1423 753 frequens
1452 709 1513 742 est
1535 717 1608 756 pro
1628 707 1731 751 mihi,

245 774 327 806 tam
348 767 390 805 in
409 767 606 815 versibus,
635 768 687 807 ef.
719 772 941 824 Dtssvxcronum
970 771 1019 808 fr.
1043 775 1065 810 2
1085 783 1110 808 a
1127 769 1315 822 Roepero
1338 772 1580 822 restitutum,
1611 787 1731 827 quam

244 838 285 877 in
314 837 493 903 pedestri
515 838 710 878 oratione.
752 840 807 878 Et
833 845 895 879 est
920 839 1021 878 illud
1041 841 1316 892 fragmentum
1326 849 1453 882 metro
1471 851 1729 898 conceptum:

445 930 647 967 Dominum
673 932 819 968 convivi
844 943 972 968 vanum
996 932 1145 970 aliudve
1175 932 1270 980 quid
1298 936 1363 971 mi
1375 936 1532 972 laudaco'
1564 965 1572 973 .
1605 966 1613 973 .

243 1020 293 1059 In
321 1033 400 1074 quo
431 1021 523 1058 mihi
549 1019 721 1073 dativus,
754 1033 874 1074 quem
899 1019 1074 1059 ethicum
1098 1028 1267 1070 vocant,
1297 1023 1446 1075 optime
1483 1018 1616 1063 lodum
1642 1031 1728 1065 tue-

243 1099 319 1131 tur.
375 1091 465 1129 Nee
502 1090 640 1130 debuit
677 1106 725 1130 ea
762 1091 933 1139 locutio,
980 1105 1084 1145 quae
1124 1098 1186 1131 est
1228 1096 1376 1140 aliudve
1416 1098 1543 1143 ᾳιιίἀ,ι
1564 1097 1728 1145 auferri,

243 1177 323 1217 qua
364 1162 463 1201 nihil
503 1162 681 1201 erebrius
719 1163 771 1201 sit
804 1163 845 1202 in
881 1163 1075 1202 Varronis
1116 1163 1166 1203 de
1196 1163 1336 1215 lingua
1366 1164 1496 1204 latina
1526 1172 1567 1206 et
1595 1181 1728 1217 rerum
1770 1164 1776 1168 ’

241 1234 482 1273 rusticarum
508 1232 636 1271 libris.

355 1306 410 1344 Et
440 1303 687 1356 parcendum
723 1317 812 1343 esse
846 1305 932 1356 ‘arti
969 1311 1110 1355 censet
1142 1291 1263 1354 ἰᾶεῑῐῐι,ι
1293 1306 1343 1346 de
1373 1303 1454 1360 qila
1481 1307 1629 1361 vulgus
1655 1310 1726 1349 im-

241 1376 458 1428 peritorum
485 1387 537 1414 ne
567 1374 696 1426 possit
722 1374 886 1427 quidem
912 1375 988 1415 rite
1018 1375 1217 1416 iudicare:

408 1467 451 1505 X
483 1463 543 1515 (ὁ)
584 1465 756 1512 Inperico
804 1478 1087 1515 nonnumquam
1133 1469 1279 1506 concha
1314 1471 1468 1508 videtur⁴
1497 1475 1724 1523 manuatim,
1753 1505 1755 1507 .
1795 1496 1798 1500 -
1856 1448 1869 1499 -1

352 1540 490 1576 vitrum
517 1539 753 1586 smaraydos.

237 1628 411 1668 Merceri
453 1620 517 1666 est
551 1625 672 1674 illud,
698 1625 819 1683 ‚quod
848 1627 988 1679 scripsi
1020 1631 1170 1667 vitrum.
1230 1628 1353 1667 Nonii
1383 1629 1475 1669 libri
1503 1645 1542 1684 p.
1568 1638 1649 1681 213,
1679 1639 1724 1675 25

237 1700 459 1752 depravate
486 1700 651 1747 inperito
678 1709 960 1745 nonnumquam
989 1711 1109 1738 conca
1137 1683 1286 1738 videtur
1312 1703 1538 1755 margarita,
1568 1702 1727 1742 mutami

235 1774 460 1820 simarqdos.
522 1768 643 1809 Unde
680 1766 920 1807 Gerlachius
954 1775 1140 1817 putamen
1170 1773 1396 1818 smaraqdos
1427 1770 1583 1811 elicuit:
1627 1773 1722 1826 ‘op-

235 1842 369 1890 time',
401 1841 461 1880 ait
479 1839 694 1885 Oehlems,
727 1838 920 1890 qui‘illud
949 1839 991 1878 in
1016 1842 1130 1879 te'xtu
1158 1840 1371 1891 expressit.
1418 1840 1501 1880 Sed
1530 1855 1605 1893 ego
1628 1843 1721 1883 dum

233 1913 336 1952 haee
365 1909 487 1951 Nonii
513 1910 638 1951 verba
673 1908 883 1949 considero
914 1923 953 1962 p.
988 1913 1073 1959 157,'
1095 1917 1141 1952 28
1163 1912 1368 1958 putamina
1398 1923 1473 1949 non
1502 1912 1622 1951 solum
1655 1927 1719 1951 ar-

233 1987 365 2022 borum
402 1989 509 2028 sunt,
560 1993 690 2020 verum
727 1983 891 2027 omnium
930 1994 1061 2020 rerum
1096 1986 1377 2030 purgamenta.-
1412 1994 1501 2020 nam
1539 1986 1725 2032 quidquid
1756 1975 1760 1979 ’

167 2051 176 2058 ’
231 2067 283 2092 ex
311 2065 548 2103 quacumque
577 2064 620 2091 re
640 2055 843 2101 proicitur,
864 2058 1051 2101 putamen
1081 2055 1311 2101 appellatur.
1349 2055 1513 2092 Plautus
1534 2054 1573 2090 in
1595 2053 1720 2101 Capti-

231 2128 286 2166 vis
326 2125 423 2178 [655.
454 2125 524 2162 ΙΙΙ
548 2129 591 2170 4,
622 2122 705 2174 122]
738 2123 956 2178 ‘nuquleum
981 2125 1109 2168 amisi,
1146 2125 1285 2171 reliqui
1309 2125 1465 2172 piyneri
1485 2126 1720 2171 putamina?

231 2209 372 2248 parum
407 2195 515 2233 illius
553 2194 780 2232 sententiae
816 2192 1077 2232 concinnitati
1115 2192 1269 2231 consuli
1303 2198 1387 2231 tam
1416 2193 1620 2243 generalis
1648 2187 1716 2243 no-

230 2267 349 2305 tionis
375 2265 574 2305 vocabulo
606 2264 791 2304 arbitror.
844 2263 1049 2315 Quarein
1080 2277 1130 2303 ea
1153 2277 1198 2302 re
1228 2262 1463 2316 prudentior
1491 2263 1715 2315 Roeperus‚

231 2337 300 2390 qui
329 2338 387 2376 ita
417 2336 556 2376 scribit
586 2336 613 2375 l.
647 2350 679 2375 c.
710 2351 750 2389 p.
782 2342 872 2378 573:

430 2413 617 2476 imperito
648 2428 922 2477 nonnunquam
955 2423 1104 2481 [etidm]
1136 2427 1283 2463 concha
1312 2422 1461 2464 vide'tur

430 2498 671 2546 Μάνρανίία,
705 2496 787 2548 [ue'l
812 2496 955 2547 uitrea]
977 2498 1092 2544 pietat
1118 2483 1467 2548 ᾳεεεέηιανάςαοε.

229 2599 388 2652 Nempe
418 2597 607 2639 sotadeos
631 2612 722 2638 esse
743 2598 902 2646 voluit,.
924 2598 993 2651 qui
1016 2603 1153 2637 tamen
1179 2612 1331 2652 quaeso
1358 2597 1594 2651 quantulum
1619 2597 1715 2637 fidei

227 2670 425 2718 habeant,
464 2683 553 2709 eum
588 2683 693 2723 quae
729 2668 1046 2721 metrum-paulo
1084 2668 1232 2707 certius
1272 2668 1452 2707 indicant
1485 2681 1566 2709 non
1600 2666 1726 2717 libris*

228 2731 302 2779 sed
327 2741 505 2794 Roeperi
533 2740 756 2779 debeantur
779 2740 928 2780 manui.
985 2739 1125 2791 Quare
1145 2739 1393 2778 'etiamnunc
1420 2731 1605 2782 -Merceri'
1627 2751 1708 2776 am-

227 2813 384 2864 plector
427 2813 652 2859 inventum,
705 2798 815 2864 quod
856 2825 908 2850 ne
961 2811 1078 2850 abest
1113 2810 1276 2864 quidem
1312 2816 1466 2848 tantum
1490 2821 1524 2846 -a
1558 2809 1715 2852 tradita·

227 2884 439 2935 scriptura,
466 2881 658 2937 quantum
686 2882 872 2922 videatur
896 2882 1028 2921 alieni.
1071 2881 1231 2933 Quippe
1249 2881 1352 2919 haee
1370 2870 1527 2924 mutami
1546 2883 1707 2929 simary-
1736 2921 1741 2925 ,

225 2955 292 2991 dos
338 2968 417 2993 non
438 2964 443 2969 ·
468 2955 618 2994 distant
659 2953 710 2992 ab
746 2953 809 2991 his
832 2959 988 2991 -mutam
1022 2955 1265 3001 isimarydos:
1313 2958 1352 2989 et
1389 2951 1430 2989 in
1466 2952 1543 2990 hac
1577 2953 1706 2990 forma
