1898 3236
739 223 1081 284 commonitus.
1601 243 1647 283 41

171 355 372 408 versatus,
404 361 462 399 ita
486 360 738 413 plerumque,
769 363 828 406 ut,
855 370 1022 397 securus
1051 357 1104 397 de
1130 370 1231 397 vera
1257 357 1461 404 sententia
1488 357 1656 410 scripto-

172 435 249 482 ris,
288 446 387 485 prae
418 431 571 483 ingenii
601 429 840 469 exsultantis
870 430 1027 483 pruritu
1056 429 1328 482 quodcunque
1356 430 1399 468 in
1425 429 1575 477 solum,
1612 435 1658 485 pt

142 545 150 550 ,
173 506 298 553 aiunt,
317 504 546 550 coniiceret,
565 500 779 540 dummodo
799 501 952 552 ingenii
973 501 1168 539 acuminis
1188 499 1508 552 multiplicisque
1528 500 1658 539 scien-

173 579 274 626 tiae,
311 590 403 629 qua.
419 586 565 614 revera
595 558 813 611 instructus
852 577 961 620 erat,
999 571 1207 629 splendori
1237 579 1285 611 ac
1314 570 1464 612 nomini
1494 569 1656 609 satisfa-

174 649 327 692 ceret),
347 645 545 686 Nimirum
567 644 626 699 ita
656 642 706 682 de
736 655 883 694 magno
911 629 999 682 viro
1028 642 1168 682 scribit
1187 643 1235 691 is,
1267 643 1338 695 qui
1362 655 1415 681 ne
1442 635 1547 681 vidit
1570 643 1657 696 qui-

174 719 279 766 dem,
300 722 493 770 quantum
514 709 593 754 h'ae
610 714 804 754 Varronis
824 703 1022 766 reliquiae
1034 713 1243 764 Scaligero
1262 712 1460 753 deberent
1484 736 1514 742 -
1536 713 1658 764 longe

174 790 279 829 enim
296 787 488 840 plurimos
510 799 676 834 versus,
708 799 810 838 quos
836 798 955 824 nemo
985 791 1107 824 antea
1135 798 1278 826 versus
1309 782 1658 836 esseagnoverat‚

172 860 330 899 sollerti
358 871 479 897 manu
499 857 686 908 Scaliger
714 852 867 909 primus
899 847 1005 896 eruit
1031 879 1068 884 —
1099 861 1148 895 ⁴et
1169 869 1294 909 saepe
1321 870 1420 910 prae
1441 870 1538 906 auro
1561 857 1659 903 Sca-

170 932 353 984 ligerano
383 930 523 971 maluit
554 929 723 982 aliorum
753 926 895 967 sordes
924 927 995 966 vel
1028 941 1142 966 suam
1168 927 1308 967 iudicii
1336 926 1660 970 imbecillitatem

173 1003 375 1043 deamare.
424 1003 492 1041 Ita
521 1007 565 1040 ut
591 1015 723 1053 pauca
755 999 806 1039 de
835 999 970 1038 multis
1002 999 1199 1048 delibem,
1222 1013 1330 1039 -cum
1355 1004 1448 1038 Hm
1470 1006 1659 1040 -Αιριεοεωκ

153 1075 221 1117 >fin
252 1081 274 1115 2
291 1074 488 1125 'Scaliger
521 1073 563 1112 in
601 1056 876 1111 coniectaneis
911 1086 952 1124 p.
991 1077 1036 1113 39
1072 1071 1284 1125 ingeniose
1321 1076 1362 1110 et
1392 1072 1662 1113 emaculasset

173 1152 215 1186 et
242 1145 428 1185 versibus
459 1143 745 1195 descripsisset

374 1250 470 1287 Nec'
484 1247 526 1284 in
547 1246 711 1295 polubro
741 1239 897 1295 my'stico
922 1244 1083 1296 coqua'm
1111 1245 1257 1284 cdv-nes

357 1319 522 1374 *Quibas
549 1320 725 1357 satullem
754 1319 923 1367 corpora
953 1329 1000 1356 ac
1018 1317 1172 1366 ‘fame’m
1202 1317 1358 1362 ventris,

173 1422 374 1473 Oehlerus
404 1432 654 1484 inquinatam
677 1432 801 1475 Nonii
825 1430 1059 1469 memoriam
1087 1444 1127 1483 p.
1155 1415 1241 1478 171,
1275 1435 1319 1470 14
1344 1431 1565 1483 expressit:
1595 1414 1660 1478 ne:

172 1515 245 1553 que
278 1507 318 1541 in
348 1506 509 1552 pulvere
542 1505 706 1553 mythico
738 1503 879 1551 (mitico
907 1500 1084 1553 Nonius)
1115 1514 1277 1551 coquam
1306 1514 1447 1540 carnes
1476 1515 1512 1541 e.
1544 1516 1583 1554 q.
1614 1496 1662 1551 ες

173 1573 357 1612 subiecta
391 1573 469 1612 hac
506 1573 787 1613 adnotatione:
835 1575 923 1612 ‘nec
955 1576 997 1611 in
1024 1574 1190 1622 polubro
1227 1575 1385 1622 mystico
1423 1573 1476 1625 cj.
1509 1573 1662 1625 Scalig.

173 1644 391 1693 Laurenh,
421 1645 490 1698 qui
511 1658 655 1683 versus
679 1645 814 1700 inesse
835 1645 1008 1696 putant?
1023 1679 1032 1688 ,
1062 1644 1152 1682 Nec
1173 1644 1306 1683 minus
1332 1644 1544 1694 ingeniose
1565 1643 1663 1683 Sca·

171 1716 483 1767 liger-Vincunt,
516 1721 663 1753 DWINAE
699 1715 750 1755 fr.
785 1721 900 1756 2—5
939 1719 980 1754 et
1013 1714 1203 1754 conexuit
1230 1715 1383 1767 primus
1414 1719 1457 1752 et
1485 1727 1565 1752 uno
1584 1728 1663 1754 eo-

173 1786 355 1839 demque·
377 1785 816 1839 hendecasyllaborum
846 1798 1012 1835 numero
1041 1784 1246 1824 dimensus
1276 1790 1340 1825 est
1369 1786 1411 1825 in
1442 1785 1664 1826 Catalectis

171 1872 211 1911 p.
236 1864 331 1913 252:

309 1966 332 2000 2
377 1962 429 1998 Et
451 1961 582 2008 pullos
609 1960 763 2008 peperit
787 1959 1017 2007 fritinientis

244 2067 249 2070 .
313 2039 336 2074 3
374 2033 484 2087 ‚Quos
512 2044 588 2070 non
617 2033 715 2069 lacte
745 2043 840 2069 novo
868 2032 1003 2077 levatas
1024 2036 1167 2079 pascat

314 2111 336 2145 4
378 2105 454 2142 Sed
474 2097 745 2152 pancarpineo
772 2104 854 2141 cibo
883 2107 1015 2140 coacto
1065 2147 1072 2155 Ο
1189 2098 1193 2101 ’

376 2177 600 2213 Libamenta
628 2177 756 2224 legens
787 2175 937 2211 caduca
963 2170 1094 2211 victus.

315 2254 336 2287 5
379 2248 440 2284 Ad
469 2257 563 2294 quos
593 2251 671 2282 tum
702 2246 875 2282 volucres
905 2246 1003 2280 venit
1019 2244 1021 2247 ’
1028 2245 1192 2292 pusillos
1216 2244 1218 2246 ’
1254 2251 1259 2255 ’

381 2318 505 2364 Usque
535 2318 587 2353 ad
614 2317 745 2352 limina
775 2317 904 2353 uidica
934 2321 1025 2352 esca
1052 2316 1147 2353 vilis.

174 2419 356 2470 Quorum
385 2417 434 2455 fr.
461 2423 484 2456 2
511 2415 903 2469 hendecasyllabum
926 2429 1032 2464 esse,
1053 2415 1206 2454 monuit
1225 2415 1347 2469 etiam
1366 2415 1567 2467 Scaligeri
1587 2431 1667 2455 non

175 2503 326 2528 memor
354 2488 599 2527 Meinekius.
654 2489 724 2542 Fr.
751 2495 774 2529 3
801 2488 925 2527 Nonii
953 2487 1046 2526 libri
1074 2502 1114 2540 p.
1138 2493 1228 2535 336,
1258 2493 1305 2528 26
1328 2479 1432 2526 iactu
1461 2487 1667 2534 exhibent,

175 2559 282 2598 unde
300 2552 504 2609 Scaliger
538 2564 578 2597 et
607 2546 825 2597 Mercerus¹
849 2562 946 2597 lacte
983 2564 1272 2611 reposuerunt:
1307 2559 1404 2597 ‘non
1433 2557 1580 2605 male',
1612 2559 1669 2596 ait

176 2629 378 2670 Oehlerus
407 2628 581 2680 benig-ne
605 2629 811 2679 iudicans,
843 2616 978 2670 ‘modo
1007 2643 1088 2668 non
1118 2629 1168 2668 de
1199 2630 1265 2668 avi
1294 2628 1422 2668 verba
1446 2628 1667 2680 intelligas.

174 2699 376 2753 Equidem
400 2703 552 2738 iactura
575 2709 685 2747 nova,
712 2700 820 2753 quod
841 2704 945 2740 iacta
961 2715 1035 2754 per
1052 2699 1335 2752 compendium
1354 2701 1548 2751 scriptum
1567 2705 1666 2747 erat,

175 2777 245 2810 aut
287 2774 391 2810 luctu
441 2784 535 2810 novo
580 2770 874 2810 restituendum
917 2785 1009 2811 esse
1055 2773 1234 2811 censeo.’
1291 2771 1451 2823 Nempe
1488 2770 1565 2808 hoc
1607 2776 1669 2809 est

178 2857 346 2883 censere
377 2856 467 2882 cum
497 2855 620 2897 sensu
649 2846 819 2881 metrum
847 2838 1193 2894 pessumdandum
1226 2856 1332 2882 esse.
1382 2841 1501 2881 Idem
1529 2841 1668 2880 n'escio

184 2928 263 2968 quo
284 2927 476 2953 versuum
501 2926 653 2965 genere
684 2913 734 2955 fr.
756 2919 781 2954 4
807 2914 1015 2965 permetiri
1041 2914 1236 2962 voluerit,
1277 2913 1384 2967 quod
1417 2914 1475 2952 ita
1505 2911 1667 2951 scribit:
