1898 3236
590 688 1309 745 CONIEOTANEA

296 824 387 887 IN
433 824 522 888 M.
561 823 1012 891 VARRONIS
1067 821 1617 888 SATURARUM

745 970 1138 1032 RELIQUIAS.

315 1177 371 1217 M·
401 1179 596 1217 Varronis
626 1185 853 1218 saturarum
882 1178 1064 1230 reliquiis
1097 1189 1187 1214 cum
1214 1176 1329 1215 multi
1361 1190 1469 1224 eam,
1513 1190 1593 1228 qua
1620 1177 1691 1214 im-

203 1249 341 1300 primis
374 1249 522 1301 dignae
554 1255 688 1297 erant,
728 1248 947 1300 colligendi
978 1254 1019 1287 et
1049 1246 1293 1286 emendandi
1325 1261 1462 1286 curam
1496 1247 1691 1286 adhibue-

203 1319 302 1367 rint,
341 1319 391 1358 ab
423 1333 473 1358 ea
500 1327 636 1359 tamen
667 1333 813 1372 opera,
856 1332 962 1372 quae
992 1320 1034 1357 in
1060 1317 1390 1357 reconcinnanda
1420 1331 1442 1356 e
1473 1317 1692 1369 disparatis

202 1388 391 1428 membris
422 1391 650 1442 integrioris
682 1391 862 1442 corporis
891 1390 1029 1442 specie
1058 1377 1263 1437 versatur,
1299 1388 1580 1428 abstinuerunt
1603 1390 1691 1428 fere

202 1467 285 1498 tam
310 1460 359 1507 ii,
393 1462 461 1513 qui
484 1460 653 1499 edendis
674 1461 912 1510 fragmentis
939 1459 1223 1511 praefuerunt,
1256 1474 1378 1512 quam
1405 1460 1474 1512 qui
1499 1460 1541 1498 in
1561 1466 1690 1498 trans·

204 1542 324 1568 cursu
354 1543 405 1575 ea
437 1531 548 1570 aliud
582 1537 750 1581 agentes
785 1531 1018 1581 attigerunt.
1085 1530 1143 1569 At
1166 1543 1264 1570 vero
1291 1530 1388 1568 licet
1413 1531 1455 1568 in
1483 1530 1690 1582 plerisque

204 1614 342 1639 earum
379 1601 456 1640 hoc
486 1615 616 1652 genus
654 1602 820 1640 criticae
851 1614 992 1648 omne,
1036 1614 1088 1639 ne
1124 1602 1167 1639 in
1203 1600 1429 1639 somniandi
1467 1601 1689 1639 vanitatem

204 1670 344 1719 abeat,
376 1672 467 1723 ipsa
495 1673 672 1711 tenuitas
702 1672 965 1724 reliquiarum
995 1671 1255 1719 dissuadeat,
1295 1672 1336 1710 in
1367 1671 1572 1710 nonnullis
1603 1672 1689 1723 qui-

204 1741 295 1780 dem
317 1743 476 1781 felicior
503 1756 590 1782 sors
617 1742 779 1793 obtigit,
807 1748 851 1780 ut
874 1743 1192 1793 fragmentorum
1219 1755 1409 1781 numerus
1439 1749 1480 1781 et
1505 1742 1690 1792 condicio

203 1811 324 1851 fidem
347 1813 492 1861 faciat,
532 1828 653 1866 posse
682 1813 776 1852 inde
808 1813 1018 1852 divinandi
1047 1819 1133 1852 arte
1170 1826 1260 1851 eam
1300 1826 1404 1865 quae
1437 1813 1532 1851 olim
1568 1814 1691 1852 fuerit

202 1882 523 1923 distributionem
545 1885 771 1936 argumenti
794 1885 1039 1923 resuscitari.
1102 1884 1358 1936 Quamquam
1381 1898 1431 1922 ne
1455 1885 1496 1922 in
1517 1883 1579 1921 his
1602 1884 1688 1936 qui—

202 1953 314 2001 dem,
348 1968 438 1994 cum
458 1956 559 1994 nihil
586 1945 757 1994 subsidii
789 1955 839 1994 ab
872 1957 1023 1994 exteris
1053 1954 1225 1994 testibus
1253 1954 1444 2002 accedat,
1474 1954 1572 1993 licet
1602 1955 1688 1993 fere

201 2023 308 2062 ultra
343 2025 672 2077 probabilitatem
710 2025 762 2064 ad
800 2026 992 2064 maiorem
1031 2025 1127 2064 fidei
1157 2025 1327 2076 gradum
1361 2025 1605 2064 ascendere:
1645 2031 1690 2063 ut

200 2095 423 2135 verendum
461 2097 536 2143 sit,
577 2110 650 2144 ne,
690 2097 759 2149 qui
781 2096 882 2134 nihil
910 2097 988 2134 nisi
1017 2096 1126 2148 quod
1152 2098 1236 2135 suis
1265 2097 1506 2135 testimoniis
1530 2102 1689 2135 constet

200 2171 330 2204 ratum
352 2166 504 2206 habere
526 2167 698 2214 soleant,
722 2166 829 2205 hanc
852 2180 1010 2206 omnem
1033 2167 1330 2205 commentandi
1352 2168 1561 2206 materiam
1582 2168 1689 2206 inter

199 2235 376 2275 ludibria
406 2238 548 2276 referri
585 2238 796 2276 suadeant.
858 2237 896 2274 A
928 2237 1073 2288 quibus
1106 2250 1286 2275 seorsum
1316 2238 1373 2276 ita
1402 2239 1553 2286 sentio,
1594 2239 1686 2277 reli-

201 2308 338 2359 quias,
374 2307 493 2346 modo
514 2321 564 2345 ne
588 2308 803 2359 imperiose
829 2307 972 2346 iubeas
1008 2308 1049 2346 id
1078 2307 1187 2360 quod
1218 2308 1305 2359 ipse
1334 2309 1512 2347 volueris
1549 2309 1686 2356 edere,

200 2376 273 2414 sed
294 2377 444 2415 indicia
467 2390 625 2424 earum,
650 2377 772 2416 etiam
795 2378 998 2427 tenuiora,
1025 2380 1183 2418 curiose
1205 2380 1406 2431 excipias,
1432 2393 1555 2431 saepe
1576 2369 1686 2432 ipsas

201 2461 251 2484 ea
296 2447 442 2499 quibus
482 2448 575 2487 olim
616 2449 723 2487 telae
762 2450 944 2487 intextae
984 2449 1135 2488 fuerint
1182 2449 1251 2488 fila
1290 2450 1520 2489 ostendere.
1594 2452 1686 2503 Qua

201 2517 364 2568 quidem
395 2519 550 2558 sollerti
581 2519 840 2572 reliquiarum
871 2520 1216 2571 pervestigatione
1248 2520 1346 2573 quid
1384 2522 1612 2560 etiamnunc
1645 2524 1685 2560 iu

200 2588 383 2641 reliquiis
408 2590 670 2628 Varronianis
699 2590 806 2640 effici
837 2597 991 2644 queat,
1011 2604 1140 2642 nuper
1163 2592 1392 2644 exemplum
1417 2593 1494 2631 Th.
1516 2594 1684 2632 Momm-

200 2659 287 2698 seni
316 2660 522 2712 probavit,
557 2661 647 2712 qui,
688 2673 778 2699 cum
807 2661 888 2699 alia
917 2662 1130 2712 praeclara
1160 2661 1210 2700 de
1239 2663 1421 2710 Varrone
1450 2663 1684 2711 dissereret,

199 2729 355 2781 aliquot
381 2737 605 2769 saturarum
635 2738 872 2782 argumenta
901 2733 958 2770 ita
985 2734 1256 2785 recuperavit,
1289 2740 1332 2772 ut
1360 2747 1434 2785 per
1463 2747 1537 2772 sua
1567 2735 1684 2786 quasi

198 2799 382 2839 tabulata
410 2801 550 2854 lepida
584 2803 789 2854 poematia
819 2803 1119 2842 exaedificaret.
1183 2803 1257 2842 Cui
1293 2817 1383 2842 cum
1420 2810 1586 2855 propter
1623 2805 1684 2842 sui

199 2869 290 2908 libri
335 2871 530 2923 imprimis
559 2871 758 2910 nobilitati
805 2873 982 2911 rationes
1019 2874 1198 2913 breviter
1242 2882 1280 2912 et
1318 2881 1454 2913 nostro
1500 2887 1684 2913 sermone

266 2937 441 2978 Visum-21«,
469 2939 576 2971 Com.
596 2949 635 2971 ω
654 2940 771 2971 Vana.
793 2950 871 2972 SAT.
1394 2942 1409 2979 1
