1898 3236
779 253 1130 286 „cm-uacuum.
1649 245 1700 289 71

216 361 535 413 Anapaesticum
568 362 674 400 enim
713 359 974 409 vocabulum,
1016 360 1126 413 quod
1156 362 1382 413 praemissa
1418 362 1704 414 monosyllaba

214 446 316 471 voce
355 433 396 471 in
435 431 696 477 choriambici
739 432 918 484 speciem
957 431 1172 478 coalescit,
1214 430 1358 471 eodem
1395 432 1482 469 iure
1512 433 1702 482 feremus,

214 518 293 557 quo
343 517 464 556 supra
514 502 772 542 molossicum
817 506 859 539 et
904 500 1218 541 choriambicum
1259 501 1567 543 vindicavimus.
1637 505 1702 543 Cf.

213 574 429 613 Ritschelii
474 566 764 626 prolegomena
804 571 856 610 ad
902 571 1179 615 Trinummum
1215 586 1256 624 p.
1283 572 1446 611 'ccan
1509 574 1559 613 In
1595 576 1700 614 Roe-

212 645 302 697 peri
329 650 463 683 autem
487 655 610 682 versu
640 656 721 680 non
751 647 826 690 est,
857 642 966 695 quod
990 648 1059 681 aut
1080 643 1291 681 insuavem
1312 645 1456 681 vetulu’
1490 652 1702 692 accentum

213 720 282 753 aut
310 712 616 766 improbabilem
640 710 855 751 verborum
882 713 1190 752 collocationem
1215 716 1357 751 velulu’
1389 726 1523 762 neque,
1555 714 1703 767 quibus

210 786 298 837 ipse
328 784 484 823 diffisus
507 789 583 831 est,
612 783 878 834 exagitemus.
920 785 1062 824 Tertio
1090 790 1238 833 autem,
1269 784 1377 837 quod
1398 785 1571 824 maxime
1594 799 1699 824 com-

211 854 394 903 mendat,
434 854 619 906 exemplo
654 853 866 894 videamus
893 868 972 908 quo
1004 856 1090 895 iure
1122 855 1358 894 deminutivi
1393 856 1564 895 formam
1600 871 1625 895 a
1652 857 1699 896 li-

209 925 354 964 brariis
383 938 595 977 perperam
630 926 835 964 invectam
872 924 1097 966 detriverit.
1155 928 1249 966 Non
1275 926 1376 965 illud
1403 939 1560 978 premo,
1592 927 1700 979 quod

208 998 299 1049 ipsa
333 996 438 1035 haec
474 1000 622 1036 vetulus
652 993 715 1024 —'
730 999 905 1036 >novellus
934 997 1136 1049 copulatio
1166 997 1458 1037 deminutivum
1484 996 1699 1050 utrobique

209 1069 311 1107 tueri
346 1068 546 1108 videatur.
605 1069 755 1107 Manca
793 1069 900 1107 enim
939 1069 1212 1108 concinnitate
1251 1067 1360 1107 idem
1397 1068 1528 1107 Varro
1565 1083 1699 1108 rerum

207 1140 448 1179 rusticarum
480 1139 583 1178 libro
616 1139 661 1177 II
697 1145 742 1187 3,
783 1146 801 1180 l
852 1141 999 1177 novella
1031 1143 1130 1177 enim
1169 1153 1284 1189 quam
1315 1145 1421 1178 velus
1446 1142 1578 1179 melior
1610 1141 1699 1187 (uti-

207 1215 322 1262 lior).·
353 1225 444 1251 cum
468 1210 619 1249 ibidem
647 1209 691 1247 lI
717 1217 760 1257 ὃ,
790 1217 811 1250 5
844 1211 960 1247 tertia
990 1212 1100 1248 boum
1127 1214 1379 1257 novellorum,
1420 1217 1563 1260 quarta
1593 1218 1695 1250 vetu-

207 1287 344 1323 lorum.
404 1281 489 1322 Sed
527 1281 658 1319 Varro
691 1281 850 1319 omnino
882 1281 1181 1320 amantissimus
1211 1288 1272 1322 est
1300 1296 1438 1322 earum
1464 1282 1695 1330 formarum,

207 1360 263 1403 ut,
294 1355 373 1393 nisi
401 1365 547 1404 cogare
576 1351 754 1399 ratione,
785 1351 902 1409 “nolis
931 1352 969 1390 ei
996 1364 1089 1391 suas
1117 1351 1285 1391 delicias
1317 1353 1501 1392 demere:
1531 1368 1578 1392 ac
1605 1367 1694 1392 sae-

206 1426 296 1478 pius
323 1424 445 1463 video
482 1437 506 1462 a
534 1421 709 1460 librariis
738 1421 993 1461 oblitteratas
1033 1435 1103 1461 eas
1137 1422 1288 1462 formas
1327 1437 1447 1476 quam
1482 1438 1697 1476 perperam

204 1496 356 1536 illatas.
416 1494 522 1534 Vide
559 1506 664 1545 quae
693 1491 743 1530 de
774 1498 936 1531 saturae
971 1497 1184 1530 Panum:
1220 1493 1289 1532 frr.
1327 1495 1485 1534 I—-IV
1523 1496 1696 1535 diximus

206 1582 246 1619 p.
267 1573 314 1608 43
330 1572 369 1605 et
390 1571 448 1607 46.
487 1565 555 1604 Sic
585 1564 872 1602 Lachmannus
901 1562 964 1601 ad*
972 1563 1151 1602 Lucretii
1173 1563 1243 1602 III
1262 1570 1333 1606 628
1355 1567 1485 1606 ascita
1498 1570 1696 1616 puellulae
1754 1585 1761 1590 ·

206 1639 337 1677 foi-ma
363 1650 436 1690 pro
458 1638 612 1685 puellae
642 1633 832 1673 librorum
862 1632 1011 1672 nitidos
1041 1633 1243 1674 Sotadeos
1270 1637 1459 1680 restituit.
1509 1637 1573 1676 Cf.
1597 1650 1692 1676 eun-

206 1709 297 1748 dem
327 1709 369 1747 in
401 1707 536 1746 indice
564 1706 656 1744 lect.
677 1704 814 1744 Berol.
837 1704 918 1744 hib.
941 1717 1275 1745 uncccxmx—I.
1301 1721 1341 1759 p.
1360 1715 1396 1748 5.
1445 1707 1510 1746 Ac
1533 1708 1693 1760 Roepe-

205 1794 272 1828 rus
300 1780 390 1832 ipse
419 1777 480 1816 bis
509 1778 552 1816 in
582 1782 816 1820 Sssoummxus
845 1776 1044 1825 versibus,
1078 1790 1177 1829 quos
1207 1777 1392 1830 putabat,
1423 1777 1693 1816 deminutivas

205 1851 368 1898 ascivit,
408 1849 553 1888 iniuria
590 1848 645 1887 ibi
684 1848 867 1900 quidem,
907 1854 950 1886 ut
987 1848 1039 1887 ad
1070 1861 1159 1886 eam
1187 1853 1366 1886 saturam
1399 1848 1543 1887 dicam.
1602 1849 1711 1898 Nec*

203 1922 245 1959 in
274 1920 458 1959 versibus
489 1909 664 1968 tantum,
699 1919 774 1959 sed
803 1920 925 1958 etiam
956 1920 996 1958 in
1026 1918 1207 1971 pedestri
1236 1931 1422 1958 sermone
1450 1918 1582 1958 Varro
1612 1919 1691 1957 fre-

204 1991 403 2044 quentiori
434 1989 772 2030 deminutivorum
807 1991 897 2029 usui
930 1989 1109 2028 indulsit.
1170 1988 1239 2027 Sic
1276 1988 1347 2028 ille
1379 1988 1487 2041 apud
1516 1973 1692 2028 Nonium

202 2077 243 2115 p.
274 2069 364 2110 550,
391 2069 412 2103 5
449 2062 491 2100 in
529 2061 644 2101 libris
675 2062 726 2101 de
753 2062 838 2100 vita
870 2061 1012 2113 populi
1040 2060 1232 2099 Romani:
1267 2064 1513 2110 propinquae
1543 2065 1693 2100 adules-

156 2138 160 2140 ’
202 2136 376 2173 centulae
403 2137 517 2172 etiam
547 2135 799 2178 anthracinis,
827 2144 1046 2181 proxumae
1076 2134 1238 2171 amiculo
1269 2134 1426 2181 nigello,
1464 2136 1605 2181 capillo
1635 2136 1690 2171 di-

203 2208 315 2243 misso
344 2210 599 2253 sequerentur
629 2206 783 2242 luctum.
828 2203 892 2242 Cf.
916 2203 1074 2242 Nonius
1101 2217 1142 2255 p.
1163 2208 1244 2249 548,
1268 2209 1327 2243 30.
1387 2202 1525 2242 Nihilo
1556 2208 1692 2242 tamen

204 2276 334 2314 minus
364 2275 600 2327 Roeperus,
640 2287 729 2312 cum
759 2273 822 2312 bis
854 2273 960 2325 apud
987 2274 1211 2312 Varronem
1239 2272 1343 2311 haec
1373 2273 1524 2311 locutio
1555 2277 1690 2313 tacitu-

202 2349 262 2384 lus
291 2348 414 2384 tactim
445 2343 606 2383 obviam
634 2343 726 2391 fiat,
763 2342 977 2396 utrobique
1016 2344 1175 2396 reponit
1200 2346 1340 2390 tacitus
1367 2347 1508 2391 taaeim,
1550 2350 1595 2383 ut
1628 2352 1691 2384 est

204 2416 312 2468 apud
339 2415 604 2468 Pomponium
632 2415 673 2453 in
702 2415 894 2453 Buccone
925 2413 1119 2467 adoptato
1149 2428 1191 2467 p.
1215 2420 1295 2463 118,
1326 2420 1373 2456 20
1395 2415 1530 2464 Nonii,
1559 2430 1599 2468 p.
1624 2422 1691 2458 193

202 2486 322 2526 Ribb.
367 2485 674 2525 Vindicavimus
728 2500 851 2538 supra
894 2486 1065 2524 alterum
1110 2485 1361 2537 exemplum,
1411 2487 1453 2525 in
1491 2500 1569 2539 quo
1607 2501 1688 2526 non

203 2571 368 2604 vereor,
413 2569 464 2595 ne
502 2557 591 2609 quis
622 2562 789 2610 propter
817 2555 1006 2596 taciturus
1035 2557 1274 2609 scripturam
1305 2557 1489 2596 codicum
1518 2558 1689 2597 nonnul-

202 2628 330 2666 lorum
358 2627 408 2667 de
437 2628 611 2667 veritate
635 2628 821 2667 lectionis
852 2631 1031 2668 tacitulus
1058 2626 1282 2667 addubitet.
1340 2627 1526 2667 Alterum
1553 2643 1688 2668 exem-

203 2699 314 2750 plum
354 2698 432 2737 hoc
470 2704 533 2738 est
571 2712 594 2738 e
632 2702 745 2736 Momo
775 2698 884 2752 apud
917 2699 1094 2738 Nonium
1122 2711 1162 2749 p.
1192 2704 1282 2745 550,
1313 2703 1355 2739 17
1399 2701 1501 2737 hanc
1530 2702 1689 2737 eandem

205 2772 431 2818 voluptatem
480 2771 661 2807 tacitulus
703 2772 826 2807 taxim
869 2772 1052 2819 consequi
1089 2771 1235 2818 lupatio
1278 2775 1314 2806 el
1362 2772 1488 2807 tisana
1521 2781 1687 2817 possum.

205 2840 330 2879 Cuius
364 2846 522 2891 partem
562 2853 651 2880 cum
681 2839 910 2881 Meinekius
939 2840 983 2879 in
1012 2839 1233 2893 septenarii
1264 2839 1434 2879 formam
1461 2838 1690 2892 redegisset

203 2911 281 2951 hoc
309 2910 448 2951 modo:
