1898 3236
146 267 150 270 .
203 233 279 275 120
512 236 515 238 ’
772 242 1001 273 commem
1009 243 1113 274 NEA.

199 348 504 389 sertimmorali
533 348 667 387 locum
694 348 814 386 finem
845 360 893 386 ac
924 348 1156 399 primariam
1185 349 1303 388 huius
1334 355 1497 389 saturae
1526 357 1683 403 partem

199 421 338 460 fuisse.
386 420 482 458 Fuit
509 419 613 456 enim
640 419 770 457 Varro
797 418 1038 471 Menippeus
1064 419 1214 458 multus
1239 420 1280 458 in
1312 421 1566 471 exagitandis
1595 422 1682 474 phi-

197 491 457 543 losophorum
488 489 671 541 ineptiis,
705 495 745 528 et
771 489 876 527 hanc
905 490 1036 542 ipsam
1065 461 1326 528 decantataxfl
1353 490 1404 529 de
1432 491 1576 530 finibus
1604 478 1683 530 dis-

196 561 427 599 sensionem
457 559 650 598 credibile
682 553 744 598 est
771 561 808 599 ei
838 560 1005 600 uberem
1035 551 1246 600 deridendi
1277 562 1577 615 cavillandique
1601 576 1683 601 ma-

197 631 341 669 teriam
367 629 624 682 praebuisse:
658 632 735 670 nisi
765 633 854 684 quis
883 632 996 670 malit
1028 645 1117 671 eum
1141 631 1314 671 docendi
1334 634 1467 685 potius
1491 647 1611 686 quam
1632 634 1683 672 ri-

199 701 322 740 dendi
343 715 467 740 causa
485 701 590 740 hanc
612 701 938 754 philosophorum
961 703 1278 742 controversiam
1300 710 1557 755 persecutum
1579 717 1683 752 esse,

199 773 360 826 quando
381 787 432 812 ne
454 773 531 811 hoc
550 772 712 829 quidem
734 773 942 811 consilium
965 773 1140 812 alienum
1160 787 1183 812 a
1200 774 1345 812 saturis
1361 774 1456 812 fuit:
1481 774 1533 812 cf.
1550 773 1684 811 Krah-

198 858 318 882 nerus
347 844 397 883 de
427 843 621 887 Varronis
653 843 911 896 philosophia
939 858 979 896 p.
1011 852 1056 886 10
1082 850 1123 883 et
1154 851 1211 884 20.
1258 844 1357 884 Cum
1381 857 1479 883 vero
1500 843 1627 882 nollet
1646 843 1688 883 in

199 923 338 954 satura
360 915 533 954 aridiore
561 914 652 952 stilo
682 914 817 952 thema
848 928 869 953 e
897 915 1229 968 philosophorum
1249 916 1399 955 scholis
1420 920 1686 967 pertractare,

201 985 439 1024 vividiorem
469 999 517 1024 ac
548 987 636 1024 fere
655 985 898 1034 scaenicam,
936 987 1000 1025 cui
1029 986 1099 1025 illa
1127 987 1385 1035 immisceret,
1416 987 1688 1026 narrationem

200 1055 356 1103 ascivit,
386 1069 491 1109 quae
519 1057 598 1095 iam
629 1069 703 1108 per
729 1069 773 1094 se
803 1057 885 1095 suis
917 1057 1070 1096 salibus
1099 1071 1146 1097 ac
1173 1058 1314 1110 lepore
1339 1059 1503 1110 placere
1533 1062 1685 1113 posset.

199 1125 345 1178 Itaque
367 1127 452 1165 fere
474 1133 518 1166 ut
537 1128 741 1166 Lucianus
762 1127 800 1165 in
823 1128 1147 1181 Icaromenippo,
1177 1143 1295 1182 quem
1317 1142 1438 1181 supra
1457 1128 1585 1178 tetigi,
1608 1141 1687 1180 quo

199 1210 327 1248 nugas
361 1204 400 1237 et
427 1199 610 1249 argutias·
635 1198 965 1250 philosophorum
995 1200 1104 1238 salse
1125 1200 1355 1251 castigaret,
1389 1202 1548 1238 cursum
1575 1199 1688 1236 illum

203 1269 382 1320 Menippi
403 1269 555 1327 ae’rium
579 1268 706 1316 finxit,
730 1269 787 1308 sic
809 1270 952 1318 Varro,
975 1270 1116 1309 induta
1136 1269 1407 1323 Sesquiulixis
1425 1283 1612 1321 persona,
1645 1283 1688 1308 se

202 1338 625 1390 Gryphiolathroniam
646 1340 822 1393 aliquam
847 1341 989 1379 summi
1009 1341 1116 1390 boni,
1146 1341 1196 1381 de
1219 1355 1297 1394 quo
1320 1341 1537 1393 ‘praeclari
1559 1341 1688 1393 philo-

202 1409 343 1461 sophi'
370 1411 616 1457 rixarentur,
656 1409 956 1461 indagaturum,
995 1411 1128 1451 Ulixis
1168 1412 1339 1451 subiisse
1378 1424 1534 1452 errores
1569 1412 1686 1450 simu-

201 1480 316 1519 lavit.
377 1481 677 1534 Sesquiulixem
708 1487 864 1530 autem,
900 1495 981 1520 non
1007 1482 1244 1535 simpliciter
1274 1468 1438 1522 Ulixem
1467 1481 1686 1534 inscripsit,

202 1565 253 1590 ne
293 1565 443 1591 meram
482 1551 712 1605 Odysseam
752 1553 972 1592 ruminatus
1013 1554 1240 1600 videretur,
1288 1552 1362 1591 sed
1393 1552 1501 1590 hunc
1539 1565 1687 1590 novum
1731 1590 1735 1595 ,

205 1621 366 1661 Ulixem
393 1623 653 1674 inscriptione
680 1617 954 1662 subindicaret
984 1624 1147 1676 propria
1179 1623 1271 1662 dote
1295 1624 1461 1661 vincere
1491 1628 1687 1662 veterem.

202 1693 474 1732 Mommsenus
513 1694 599 1731 eius
633 1695 805 1732 nominis
848 1695 1057 1733 consilium
1095 1709 1118 1732 a
1148 1707 1314 1734 numero
1345 1707 1539 1732 annorum
1570 1707 1686 1747 repe-

200 1763 275 1810 tiit,
312 1777 412 1816 quos
443 1765 513 1803 ille
540 1779 620 1803 non
648 1765 788 1803 decem
814 1765 888 1803 sed
917 1765 1147 1817 quindecim
1177 1766 1219 1803 in
1249 1764 1448 1803 erroribus
1478 1765 1687 1803 contrivis—

201 1837 281 1870 set:
310 1831 354 1871 C.
383 1833 429 1872 L.
460 1835 633 1874 Rothius
658 1835 685 1877 l.
717 1848 750 1873 c.
775 1849 815 1886 p.
841 1841 884 1875 18
917 1835 1002 1872 fere
1032 1834 1084 1872 ad
1116 1834 1286 1873 Ausonii
1314 1835 1495 1886 Popmae
1525 1840 1687 1874 senten·
1712 1830 1715 1832 ’

201 1903 298 1940 tiam
331 1903 437 1940 hunc
477 1904 776 1958 Sesquiulixem
808 1904 973 1943 dimidia
999 1910 1113 1955 parte
1146 1904 1395 1957 callidiorem
1421 1910 1462 1943 et
1490 1907 1687 1944 versutio-

201 1986 285 2011 rem
316 1973 534 2014 Homerico
564 1975 767 2026 designari
797 1974 1025 2013 arbitratur.
1086 1967 1209 2022 Milii,
1240 1976 1307 2026 qui
1334 1975 1432 2013 talia
1460 1989 1536 2014 nec
1565 1990 1688 2027 posse

201 2056 308 2081 nunc
353 2058 429 2082 nec
475 2045 624 2085 debere
669 2046 785 2085 nimis
830 2045 965 2096 urgeri
1002 2046 1246 2093 existimem,
1288 2045 1685 2103 sufficit-indicium,

202 2115 310 2166 quod
339 2115 379 2153 in
409 2116 694 2169 philosophica
721 2122 838 2168 parte
867 2121 1028 2155 saturae
1057 2116 1217 2166 agnovi.
1263 2116 1420 2163 Restat,
1454 2116 1693 2169 priusquam

203 2197 252 2222 ex
282 2185 345 2224 his
377 2186 559 2238 reliquiis
588 2187 879 2239 philosophicis
910 2199 1077 2237 pergam
1107 2185 1159 2223 ad
1174 2185 1294 2233 alias,
1326 2191 1370 2223 ut
1390 2187 1569 2238 Roeperi
1594 2186 1686 2224 inde

201 2269 343 2294 versus
383 2258 652 2296 resuscitandi
692 2258 903 2296 conamina
940 2256 1168 2294 diiudicem.
1230 2257 1340 2306 Ergo
1380 2257 1438 2294 sic
1470 2257 1569 2295 duas
1595 2257 1688 2295 illas

201 2325 397 2377 reliquias
429 2326 653 2365 distribuit:

313 2421 334 2456 7
401 2411 575 2454 'Alteram
603 2418 832 2455 Carneadem
863 2419 1095 2467 deformdsse
1126 2417 1267 2455 virtutis
1297 2421 1390 2455 viam

402 2480 519 2524 'Acris
549 2499 568 2523 e
596 2487 704 2534 cupis
732 2489 824 2524 aceti

314 2581 337 2615 8
411 2603 422 2612 .
485 2605 494 2612 .
553 2604 562 2613 .
620 2599 648 2612 .·
690 2605 698 2613 .
762 2603 771 2611 .
827 2603 836 2612 .
898 2605 907 2613 .
957 2578 1068 2612 vinam
1096 2576 1278 2614 Zenone'm
1306 2579 1399 2631 viani

402 2647 586 2684 Mo'zivisse
614 2647 709 2699 5112oe
725 2638 883 2689 'virtum
915 2647 1012 2682 hanc
1041 2646 1121 2683 e'sse
1150 2648 1320 2684 nobilem:
1351 2649 1506 2685 a'lteram

403 2712 632 2754 Ca'rneadem
662 2717 918 2763 desz'cbulasse,
948 2717 1042 2753 beina
1070 2721 1236 2753 secutum
1263 2717 1442 2765 co'rporis.

201 2818 382 2868 Quorum
413 2819 515 2858 illud
545 2834 633 2859 cum
663 2820 903 2859 inconcessa
934 2819 1227 2872 transponendi
1265 2820 1450 2868 licentia,
1490 2832 1607 2871 quam
1646 2833 1684 2869 p.

198 2895 242 2930 65
272 2891 513 2941 perstrinxi,
546 2880 807 2943 exculpserit,
835 2895 922 2928 >tum
953 2904 1072 2943 quam
1100 2891 1257 2929 incerta
1288 2891 1339 2929 sit
1367 2890 1457 2942 ipsa
1488 2885 1686 2927 enu'ntiati
