1898 3236
378 206 457 248 190
584 199 585 202 ’
786 192 789 201 ’
949 212 1286 244 οοΝιΕοΤΑΝΕΑ.

580 321 708 356 Tertia
737 319 955 356 Poenarum
986 318 1158 367 Infamia
1183 323 1291 356 stans

577 391 691 427 Nexa
723 392 761 427 in
791 391 893 437 vulyi
1196 395 1198 397 ’

576 462 756 504 Pectore,
785 461 970 507 fluctatim
997 461 1149 497 intonsa
1178 471 1285 497 coma

579 531 743 568 Sordida
774 533 924 577 vestitu,
956 541 1021 568 ore
1050 541 1191 568 severo.

374 635 423 672 In
455 631 600 685 quibus
626 634 810 680 fluctatim
842 631 998 682 scripsi,
1029 638 1074 669 ut
1099 629 1349 669 Ribbeckius
1371 631 1412 668 in
1434 629 1595 669 Afranii
1617 643 1738 668 versu
1760 634 1850 672 237:

375 707 630 743 Hermannus
665 704 876 750 fluctuatim
909 701 1091 754 reliquit,
1135 714 1224 739 cum
1260 701 1382 740 Nonii
1425 701 1561 748 libris,
1603 701 1644 738 iu
1679 693 1850 755 utroque

374 789 507 815 versu.
566 773 739 813 Prelleri
770 778 926 821 pectore
961 774 1130 820 fluitanti
1158 771 1358 823 displicet.
1418 771 1534 810 Idem
1563 771 1762 811 Oehlerus
1792 768 1850 810 viss

375 838 481 892 (leat,
511 857 631 897 quam
659 845 775 882 metri
800 843 986 895 peritiam
1014 842 1091 880 hoc
1118 854 1238 879 versu
1267 840 1446 892 probarit
1476 843 1525 880 fr.
1550 850 1615 883 45:
1811 829 1813 831 ¹

1262 943 1338 981 Sed

578 1018 653 1055 Nos
680 1017 792 1054 simul
819 1020 933 1063 atque
961 1018 1000 1053 in
1029 1022 1213 1053 summam
1243 1016 1437 1062 speculam
1460 1018 1717 1063 pervenimus,

374 1120 492 1159 quem
519 1119 635 1144 nemo
664 1106 742 1143 nisi
769 1103 896 1143 hebes
924 1118 1004 1143 non
1035 1104 1148 1143 videt
1177 1105 1235 1142 sic
1265 1104 1457 1156 scriptum
1482 1117 1580 1149 ,esse
1602 1118 1626 1143 a
1644 1105 1851 1165 Varrone:

576 1197 652 1234 Sed
674 1197 742 1233 nos
769 1197 881 1234 simul
904 1201 1017 1243 atque
1042 1197 1081 1232 in
1108 1196 1292 1232 summam
1319 1198 1513 1243 speculam
1543 1195 1724 1233 venimus.
1763 1203 1765 1205 ’

376 1298 443 1337 Sic
479 1299 560 1336 iam
592 1297 820 1336 Meinekius
857 1296 1051 1343 correxit,
1088 1296 1157 1348 qui
1185 1301 1323 1335 tamen
1354 1309 1471 1344 casu,
1503 1303 1614 1349 puto,
1645 1309 1725 1335 non
1757 1309 1850 1334 con·

375 1369 480 1408 sulto
510 1372 626 1407 altam
652 1370 786 1420 posuit
814 1381 885 1420 pro
912 1360 1108 1406 summam.
1153 1367 1210 1406 Ut
1239 1367 1392 1406 mittam
1422 1368 1503 1406 alia
1531 1364 1575 1406 in'
1594 1365 1851 1406 Oehlerianis

375 1439 626 1491 castiganda,
657 1438 758 1477 illud
787 1452 910 1477 unum
939 1437 1058 1486 addo,
1091 1439 1140 1477 fr.
1170 1445 1193 1480 3
1223 1440 1314 1476 Cum
1344 1441 1382 1476 in
1420 1450 1463 1477 eo
1495 1450 1613 1477 essem
1643 1443 1853 1486 occupatus

374 1518 487 1560 atque
513 1514 552 1548 in
582 1512 712 1549 schola
742 1523 919 1556 curarer,
952 1516 993 1547 ut
1020 1497 1151 1548 scribit
1178 1510 1366 1555 Scantius,
1401 1510 1520 1547 horno
1545 1519 1622 1556 per
1653 1509 1850 1558 Dionysia,

371 1595 585 1634 perperam
621 1588 713 1632 post.
751 1580 985 1620 Turnebum
1021 1579 1072 1618 ab
1102 1579 1280 1619 Oehlero
1311 1579 1498 1630 coniungi
1523 1591 1689 1618 curarer
1717 1581 1852 1626 horno,

373 1658 417 1690 ut
446 1652 497 1689 sit
528 1651 734 1701 ‘frugibus
774 1657 813 1689 et
842 1651 935 1689 vino
974 1651 1100 1703 ipsius
1138 1651 1232 1690 anni
1259 1650 1389 1688 foveri
1421 1653 1460 1687 et
1490 1649 1576 1688 ali’.
1635 1649 1716 1701 Qui
1747 1651 1851 1689 scire

372 1722 494 1760 velim
521 1721 719 1772 quomodo
749 1721 1029 1772 expediverint
1057 1722 1157 1761 illud
1187 1724 1226 1759 in
1254 1722 1394 1759 schola.
1441 1719 1549 1771 Quid
1578 1719 1732 1759 multa?
1769 1721 1849 1759 Im·

371 1792 555 1843 perfecta
582 1796 644 1830 est
669 1792 869 1829 sententia
905 1797 1025 1843 atque
1065 1793 1135 1830 illa
1171 1795 1292 1830 horno
1318 1802 1394 1839 per
1421 1792 1605 1840 Dionysia
1633 1791 1673 1831 h.
1707 1805 1742 1832 e.
1772 1791 1851 1831 hoc

373 1876 476 1900 anno
512 1875 585 1913 per
619 1862 820 1914 Dionysia
862 1861 998 1909 (keuer
1038 1875 1089 1899 an
1123 1865 1196 1900 den
1232 1863 1456 1912 Dionysiam)
1503 1868 1661 1915 sumpta
1699 1867 1793 1902 sunt
1825 1876 1853 1902 a

373 1934 552 1981 Scantio,
583 1932 631 1971 de
660 1945 737 1984 quo
767 1918 940 1983 nugatur
967 1931 1178 1972 Oehlerus.
1240 1935 1374 1972 Hor-no
1405 1938 1539 1972 autem
1563 1933 1852 1972 adverbialiter

374 2010 414 2042 et
442 2004 611 2043 Plautus
641 2016 737 2042 usus
769 2008 831 2042 est
862 2001 1056 2053 (Mostell.
1087 2009 1154 2045 159
1182 2005 1303 2042 horno
1330 2007 1461 2042 messis
1489 2002 1680 2055 maynast)
1712 2008 1752 2041 et
1782 2015 1848 2041 eo-

374 2074 465 2113 dem
497 2074 620 2112 Nonii
654 2073 745 2112 loco
784 2087 823 2126 p.
855 2079 941 2121 121,
971 2079 994 2114 8
1031 2073 1231 2113 Lucilius:
1285 2080 1412 2112 utrum
1447 2087 1548 2113 anno
1577 2086 1628 2112 an
1661 2074 1781 2113 horno
1814 2078 1849 2111 te

372 2148 574 2183 abstuleris
603 2159 626 2182 α
657 2147 749 2182 viro.

484 2214 626 2254 Redeo
656 2215 710 2254 ad
737 2221 966 2254 enarratum
996 2221 1158 2254 saturae
1187 2221 1484 2266 argumentum:
1514 2217 1557 2255 in
1584 2229 1663 2269 quo
1692 2216 1726 2254 si
1752 2215 1850 2270 quid

371 2286 458 2325 veri
487 2285 673 2336 tetigero,
707 2300 787 2325 non
809 2285 1127 2337 improbabiliter
1146 2299 1234 2324 cum
1253 2292 1484 2326 Eumnsmmus
1507 2293 1644 2327 satura
1665 2277 1850 2339 componi

371 2369 476 2395 nunc
512 2370 533 2395 e
570 2357 814 2408 logistoricis
852 2361 987 2408 potest
1022 2357 1091 2395 ille
1130 2357 1194 2395 cui
1225 2355 1455 2397 inscribitur
1486 2361 1638 2398 Orestes
1654 2360 1716 2396 (de
1744 2349 1848 2396 inse-

370 2431 455 2465 nia:
483 2428 758 2478 logistoricum
786 2427 875 2465 dico
906 2441 986 2465 non
1013 2441 1134 2480 quem
1158 2427 1351 2466 disertum
1379 2428 1544 2482 aliquod
1564 2428 1848 2475 testimonium,

372 2496 445 2535 sed
490 2495 711 2548 probabilis
754 2497 967 2536 Ritschelii
1011 2498 1262 2537 ratiocinatio
1308 2498 1583 2550 logistoricum
1628 2511 1719 2537 esse
1756 2511 1846 2558 per-

371 2567 552 2606 suadeat.
612 2569 677 2607 De
711 2569 821 2606 cuius
860 2574 1094 2618 argumento
1126 2569 1307 2621 opusculi
1338 2569 1490 2622 absque
1519 2568 1633 2607 titulo
1662 2570 1732 2608 vix
1761 2581 1846 2608 cer-

371 2637 449 2675 tius
482 2638 696 2690 quicquam
734 2652 783 2678 ex
813 2639 931 2678 unico
968 2631 1194 2690 fragmento
1228 2640 1336 2692 apud
1369 2639 1545 2680 Gellium
1573 2639 1684 2678 XIII
1712 2646 1735 2680 4
1766 2639 1845 2678 col·
1882 2642 1888 2648 “

371 2708 441 2758 ligi
473 2713 607 2760 potest
644 2707 712 2760 (de
740 2723 818 2762 quo
849 2710 898 2749 fr.
925 2711 977 2749 cf.
1007 2711 1211 2750 Krahneri
1241 2712 1434 2751 Varronis
1464 2710 1584 2750 Curio
1609 2696 1649 2762 p..
1678 2709 1762 2762 14):
1797 2722 1846 2748 ac

370 2779 507 2816 nescio
552 2793 673 2832 quam
712 2781 798 2820 iure
838 2794 888 2820 ex
925 2786 1131 2818 Euunmnum
1171 2786 1405 2832 argumento
1450 2780 1654 2823 conclusio
1691 2780 1761 2820 fiat
1795 2779 1868 2832 de⁴

371 2847 530 2888 Oreste.
591 2851 747 2889 Tamen
789 2856 941 2890 tantum
990 2851 1094 2890 hanc
1138 2852 1276 2891 valere
1320 2854 1597 2907 cognationem
1617 2835 1619 2837 Ι
1638 2863 1742 2904 quae
1787 2851 1845 2889 vi-
