1898 3236
736 275 1081 308 comEc'rANEA.
1598 266 1647 308 31

279 383 502 422 Scientiam
531 388 666 422 autem
697 382 859 435 qualem
887 381 1089 432 significet
1119 380 1313 434 deinceps
1336 381 1607 434 persequitur.

219 469 348 508 XVH
371 467 427 520 (9)
1064 467 1223 506 scie'ntia

306 541 451 578 Do'ceat
476 551 585 588 quem
611 541 664 577 ad
689 541 841 586 modum
865 539 904 577 in
927 542 1116 588 psalterio
1143 538 1399 576 extendamus
1426 538 1593 576 ne'rvias.

164 630 318 669 Versus
342 630 528 680 distinxi,
557 643 657 682 quos
682 629 915 679 nemodum,
941 629 1050 682 quod
1074 629 1220 676 sciam,
1248 641 1392 668 versus
1418 641 1510 667 esse
1536 628 1651 669 vidit.

164 701 228 739 Ex
257 701 507 740 institutione
538 713 586 738 ac
617 699 832 751 disciplina
863 699 962 739 dicit
999 712 1152 751 organa
1181 698 1384 737 tractandi
1414 699 1651 738 facultatem

163 771 319 822 parari,
355 777 396 810 et
416 783 522 824 quae
543 776 638 809 sunt
659 770 741 809 alia
762 771 848 809 eius
870 771 1053 821 generis,
1087 768 1231 823 quibus
1256 761 1303 807 τὰ
1322 761 1400 821 πρὸ
1423 768 1494 819 τῆς
1515 767 1652 821 τέχνης

164 842 459 881 contineantur.
514 841 658 881 Artem
686 847 822 881 tamen
851 842 983 893 ipsam
1004 854 1057 879 ne
1082 840 1148 879 his
1178 839 1341 893 quidem
1372 846 1576 880 constare:
1609 847 1653 880 ut

163 913 231 965 qui
269 913 495 952 substiterit
531 913 573 951 in
611 913 700 952 istis
729 911 1002 951 'facultatibus
1040 913 1241 961 externis,
1287 926 1368 951 non
1406 912 1534 965 possit
1574 913 1654 951 nisi

163 982 355 1022 ‘cibarius
382 984 670 1023 Aristoxenus’
703 982 894 1023 evadere.

219 1075 370 1114 XVIII
393 1073 476 1126 (10)
508 1077 613 1115 Tuus
635 1081 762 1114 autem
786 1062 868 1124 ἃλς-ε
885 1075 1018 1124 frater
1043 1077 1212 1114 cibarius
1229 1074 1309 1123 fuit
1327 1076 1594 1112 Aristoxenus.

162 1165 212 1203 In
232 1178 313 1217 quo
332 1166 559 1217 fragmento
587 1166 752 1206 dubium
770 1165 953 1214 videtur,
985 1166 1153 1205 fratrem
1173 1171 1306 1203 utrum
1326 1163 1520 1203 cibarium
1543 1164 1652 1204 dicat

163 1250 216 1275 an
234 1237 535 1277 Aristoxenum.
575 1236 684 1276 Illud
714 1239 783 1290 qui
810 1237 1020 1290 amplexus
1040 1242 1115 1285 est,
1149 1236 1375 1276 Gulielmus
1394 1236 1435 1273 in
1454 1235 1652 1274 verisimi-

163 1304 268 1343 libus
297 1306 342 1344 H
363 1312 405 1347 18
433 1305 616 1358 (Gruteri
634 1309 780 1360 Lamp.
800 1308 868 1347 ΠΙ
884 1322 924 1360 p.
944 1307 1029 1359 293)
1061 1308 1230 1346 fratrem
1249 1306 1443 1345 cibarium
1462 1319 1554 1344 eum
1573 1305 1653 1344 diei

164 1377 369 1428 opinatur,
400 1375 484 1429 ‘qui
515 1380 753 1430 congel-roni
776 1392 847 1417 suo
867 1378 1072 1430 impendio
1094 1379 1246 1418 victum
1272 1384 1385 1416 curat
1411 1371 1530 1429 eique
1552 1383 1652 1416 tam-

163 1462 284 1501 quam
305 1461 377 1500 pro
403 1448 492 1487 cibo
514 1451 607 1488 est?
637 1451 745 1498 Fuit,
767 1451 835 1503 qui
855 1450 1025 1488 fratrem
1041 1447 1235 1487 cibarium
1250 1449 1292 1487 in
1313 1449 1557 1487 collactanei
1582 1462 1652 1486 no-

163 1520 315 1563 tionem
340 1517 565 1558 adhibitum
587 1525 763 1572 putaret.
803 1520 985 1572 Quorum
1007 1525 1138 1558 utrum
1159 1519 1413 1572 probaveris,
1444 1518 1540 1558 talis
1562 1532 1654 1558 sen·

162 1590 292 1628 tentia
319 1603 400 1628 non
428 1591 579 1642 poterit
602 1592 753 1630 musico
783 1592 905 1641 tradi,
929 1592 1049 1630 immo
1079 1604 1130 1630 ea
1157 1603 1412 1642 consequens
1442 1596 1505 1630 est
1533 1604 1558 1629 a
1587 1604 1653 1629 ca-

162 1659 403 1699 lumniatore
429 1661 607 1700 musicae
636 1662 678 1700 in
705 1667 978 1715 contemptum
987 1657 1159 1701 'artificis
1179 1660 1271 1700 iaci.
1301 1660 1359 1700 At
1386 1675 1477 1700 cum
1497 1660 1653 1701 Guliel-

163 1731 216 1768 mi
237 1730 455 1783 explicatio
478 1731 600 1782 longe
617 1734 804 1784 quaesita
821 1734 1022 1782 videatur,
1054 1733 1184 1772 altera
1202 1746 1343 1785 parum
1367 1732 1508 1772 cibarii
1530 1732 1654 1783 signi-

162 1801 341 1840 ficationi
358 1803 586 1851 conveniat,
617 1808 701 1842 tum
715 1805 893 1844 Nonium
910 1806 944 1844 si
965 1804 1147 1846 audimus
1170 1819 1211 1857 p.
1230 1811 1288 1853 93,
1308 1810 1363 1853 14,
1394 1805 1437 1842 in
1455 1817 1546 1843 eam
1563 1816 1653 1841 sen-

162 1873 331 1911 tentiam
349 1872 542 1922 ducimur,
567 1873 761 1913 cibarium
779 1874 1070 1914 Aristoxenum
1091 1875 1280 1926 coniungi
1307 1881 1495 1928 oportere
1514 1875 1654 1926 eisque

162 1942 407 1981 mediocrem
429 1943 603 1982 necdum
622 1946 782 1997 penitus
802 1959 876 1985 sua
896 1951 983 1986 arte
1003 1946 1198 1986 imbutum
1217 1948 1413 1986 musicum
1435 1945 1655 1996 designari.

164 2012 221 2052 Ut
256 2013 525 2053 Aristoxenus
556 2014 714 2054 dicatur
743 2030 816 2068 pro
853 2018 996 2069 quovis
1034 2019 1208 2068 musico,
1247 2016 1587 2071 quemadmodum
1612 2017 1655 2055 in

164 2089 397 2124 Eunumomus
429 2086 479 2125 fr.
508 2092 551 2128 17
580 2087 825 2126 Aristoteles
852 2088 1195 2142 pro'philosopho
1222 2090 1399 2142 quovis·
1430 2088 1520 2127 Nec
1548 2086 1655 2126 absi-

164 2156 268 2195 milis
293 2170 389 2196 usus
417 2162 479 2196 est
509 2158 551 2196 in
578 2157 655 2196 hac
686 2164 825 2197 satura
847 2159 1022 2198 Achillis
1053 2165 1094 2199 et
1122 2160 1164 2198 in
1186 2164 1308 2199 Puwffl
1329 2165 1494 2196 ΣΕΛγτοκ
1515 2157 1654 2196 Arati:

165 2240 244 2279 quo
276 2227 327 2266 de
354 2227 461 2266 infra
491 2227 636 2267 dicam.
694 2229 819 2266 Nonii
846 2234 1000 2276 autem,
1034 2242 1115 2281 qua
1139 2231 1267 2278 nitor,
1299 2230 1519 2282 explicatio
1548 2228 1654 2267 haec

165 2303 248 2336 est:
290 2299 530 2344 ‘Cibarium',
567 2301 670 2346 quod
698 2312 801 2337 nunc
831 2306 898 2336 aut
928 2302 974 2337 de
1001 2312 1107 2348 pane
1137 2302 1292 2339 sordido
1322 2306 1389 2339 aut
1419 2302 1465 2338 de
1493 2301 1568 2337 alio
1595 2302 1654 2337 in-

164 2370 276 2416 diyno
305 2370 469 2406 dicatur.
531 2371 657 2408 Varro
675 2371 810 2407 Modo:
840 2370 896 2407 ‘in
924 2371 1092 2409 bucolico
1122 2374 1291 2410 dormire
1319 2373 1468 2410 mallem
1498 2372 1654 2414 scilicet,

161 2441 291 2485 potius
316 2441 442 2476 vinum
462 2451 584 2478 meum
604 2442 812 2486 cibarium,
844 2453 958 2489 quam
985 2454 1054 2492 eqo
1080 2445 1259 2481 dominus
1280 2442 1510 2481 cubarem?’
1549 2442 1653 2478 Idem

168 2511 269 2546 Onos
300 2511 431 2558 lyras.-
468 2511 572 2550 εἰιιιιε
601 2511 743 2550 autem'
782 2524 818 2550 e.
850 2525 889 2564 q.
921 2526 953 2553 s,
995 2514 1126 2553 Cicero
1161 2515 1468 2552 Tusculanarum
1499 2513 1560 2549 lib.
1602 2512 1655 2550 V.-

165 2580 245 2618 ‘cui
272 2593 356 2618 cum
384 2585 651 2631 pereyrinanti
678 2584 910 2634 Aeyyptum‚
956 2587 1153 2624 comitibus
1182 2598 1259 2623 mm
1287 2587 1448 2629 secutis,
1486 2584 1656 2620 cibarius

164 2653 203 2688 in
234 2662 326 2689 casa
347 2655 466 2699 panis
494 2655 608 2690 datus
635 2659 753 2700 esset,
791 2657 888 2694 nihil
910 2659 1030 2695 visum
1059 2659 1123 2694 illo
1151 2668 1253 2704 pane
1276 2653 1511 2707 iucundius?
1566 2652 1655 2690 Iam

167 2734 258 2759 cum
282 2721 439 2774 reliqua
463 2727 652 2775 pateant,
685 2724 783 2777 quid
811 2732 946 2775 vetat,
978 2727 1019 2766 in
1042 2732 1278 2766 transcursu
1305 2725 1366 2764 illi
1397 2723 1516 2763 alteri
1547 2721 1655 2774 apud

166 2792 344 2831 Nonium
365 2791 415 2831 de
438 2793 588 2832 cibario
611 2795 797 2848 exemplo
816 2797 1010 2836 Varronis
1032 2796 1359 2844 emendatricem,
1381 2807 1461 2847 qua
1480 2794 1654 2832 maxime

167 2861 344 2912 indiget,
391 2876 552 2902 manum
588 2864 815 2906 adhibes-e?
869 2866 1083 2920 Adscripsi
1119 2881 1243 2920 supra
1280 2860 1571 2917 fragmentum,
1612 2869 1656 2902 ut

167 2931 290 2971 Nonii
319 2932 411 2971 libri
437 2940 669 2986 praestant,
699 2949 781 2974 non
808 2937 888 2975 alio
920 2937 1129 2986 dissensu,
1159 2951 1281 2990 quam
1310 2937 1417 2990 quod
1445 2951 1517 2989 pro
1544 2939 1656 2974 buco·
