1898 3236
267 236 348 276 200
635 278 637 280 ,
830 243 1173 277 comacum-122.

265 359 394 392 turam
425 350 632 390 Charisius
659 349 731 387 sub
760 362 838 387 uno
870 349 1031 388 Trifalli
1059 351 1218 389 nomine
1244 350 1426 390 laudavit
1454 366 1493 404 p.
1515 359 1562 394 80
1589 354 1740 406 Keil.);

265 425 447 462 Columna
493 422 672 458 Herculis
718 417 805 468 περὶ
844 414 978 469 δόξηςς
1036 423 1184 459 Vinalia
1231 418 1320 473 περὶ
1364 416 1616 472 ἀφροδισίων.
1678 424 1742 463 Ab

263 495 341 533 hac
378 505 474 532 vero
514 492 737 529 constantia
771 491 866 530 vide
903 492 983 530 iam
1012 505 1131 543 quam
1161 494 1303 544 paucis
1333 493 1529 545 exemplis
1560 495 1742 535 nonnihil

265 565 488 604 discessum
526 563 595 600 sit:
639 553 963 610 Ἀνθρωπόπολις
1011 559 1100 613 περὶ
1139 562 1399 612 γενεθλιακῆς
1429 566 1562 603 sexies
1595 566 1739 605 citata:

264 634 389 673 semel
418 645 458 670 π.
482 646 559 683 γεν.
594 632 866 681 desideratur3
894 624 1118 682 Ἑκατόμβη
1146 630 1234 684 περὶ
1258 629 1412 671 θυσιῶν
1443 636 1567 675 octies
1597 637 1740 676 citata:

264 706 390 745 semel
411 718 450 742 π.
472 703 628 742 θυσιῶν
660 703 933 752 desideratur-3
967 704 1176 752 caprinum
1191 708 1381 752 proelium
1406 702 1494 756 περὶ
1516 698 1661 756 ἡδονῆς
1681 712 1743 747 ter

264 779 406 816 citata:
441 774 566 814 semel
588 786 624 811 π.
650 766 795 823 ἡδονῆς
816 773 1080 812 desideratur.
1132 759 1303 814 Saturae
1330 779 1400 814 Est
1426 761 1558 815 rhodus
1577 780 1743 823 matulae

262 846 350 900 περὶ
379 844 506 897 μέθης
535 858 680 883 novem
709 843 939 883 testimonia
969 850 1125 882 extant:
1167 845 1294 884 tribus
1325 847 1520 899 exemplis
1546 861 1586 886 π.
1615 845 1742 898 μέθης

262 919 471 967 omissum3
514 917 555 954 in
588 929 666 969 quo
708 920 844 953 tamen
876 928 959 952 non
989 914 1306 965 neglegendum,
1348 917 1494 956 eadere
1522 931 1667 957 manca
1693 933 1741 958 ea

261 989 492 1028 testimonia
528 987 570 1025 in
609 998 729 1023 unum
758 984 946 1037 idemque
977 985 1264 1035 fragmentum,
1304 1001 1385 1026 una
1416 988 1639 1040 eademque
1669 1003 1739 1040 pa-

261 1062 356 1111 gina
382 1065 443 1098 ter
473 1059 650 1096 citatum.
714 1058 924 1104 Occoyessis
954 1053 1042 1107 περὶ
1073 1052 1321 1106 νομισμάτων
1350 1059 1562 1111 quinquies
1593 1060 1737 1099 allata:

261 1131 321 1170 bis
350 1132 391 1169 in
419 1129 562 1169 eodem
590 1128 814 1178 fragmento
844 1139 883 1164 π.
911 1138 997 1175 νομ.
1026 1126 1173 1164 omissa
1212 1125 1281 1177 (de
1311 1128 1423 1167 cuius
1444 1135 1606 1169 saturae
1628 1132 1739 1169 testi-

260 1201 392 1239 monio
424 1198 531 1251 apud
551 1197 804 1237 priscianum
829 1199 875 1233 de
898 1200 1128 1235 nomismatis
1148 1210 1270 1248 supra
1290 1196 1440 1236 dietum
1463 1199 1557 1251 est).
1605 1199 1740 1247 Addo,

262 1283 502 1323 quamquam
535 1269 640 1307 hano
668 1281 754 1306 rem
782 1280 861 1304 non
892 1252 1073 1318 attingit,
1107 1267 1276 1307 eandem
1314 1274 1491 1309 saturam
1516 1285 1554 1323 p.
1586 1277 1667 1319 513,
1700 1278 1742 1312 16
1799 1312 1801 1315 ,

260 1343 299 1380 in
334 1342 440 1379 hune
470 1340 627 1379 modum
658 1339 790 1377 citari:
827 1339 998 1387 Octoqesi
1024 1340 1083 1375 lib.
1117 1340 1143 1376 I
1167 1337 1255 1390 περὶ
1287 1336 1562 1391 νομισμάτωνι
1594 1342 1636 1380 in
1662 1355 1740 1393 quo
1800 1319 1811 1332 ι

261 1412 358 1465 quid
387 1412 532 1459 lateat,
575 1425 656 1449 non
693 1407 900 1462 assequor.
961 1410 1150 1461 Denique
1182 1401 1313 1462 Εὗρεν
1342 1404 1366 1459 ἡ
1394 1405 1515 1458 λοπάς
1548 1405 1592 1450 τὸ
1623 1412 1740 1462 πῶμα

260 1481 350 1534 περὶ
381 1475 661 1534 γεγαμηκότων
699 1487 761 1520 ter
797 1481 920 1519 allata
960 1479 1071 1531 (vide
1108 1482 1338 1522 testimonia
1377 1497 1416 1535 p.
1458 1485 1570 1534 193):
1614 1483 1741 1521 semel

260 1555 449 1592 omissum
479 1551 755 1604 proverbium:
794 1556 851 1600 ut,
883 1566 972 1590 eum
1000 1552 1126 1591 semel
1156 1559 1310 1591 tantum
1343 1554 1447 1592 inter
1469 1556 1526 1590 tot
1553 1553 1740 1605 exempla

253 1626 298 1663 in
327 1623 432 1663 hane
456 1630 612 1676 partem
639 1628 851 1675 peecatum
874 1622 937 1670 sit,
970 1628 1165 1674 appareat
1185 1623 1418 1675 quantulum
1443 1622 1739 1675 probabilitatis

257 1695 407 1734 habeat
438 1694 564 1732 tribus
593 1694 715 1741 locis,
746 1693 814 1732 ubi
840 1690 928 1744 περὶ
958 1690 1143 1743 αἱρέσεων
1175 1694 1336 1743 citatur,
1368 1693 1636 1746 Sesquiulixis
1669 1707 1738 1733 no-

257 1780 350 1805 men
388 1766 609 1812 interiisse,
637 1765 715 1818 ‘vel
753 1766 886 1803 sexies
920 1763 1070 1802 allatae
1102 1771 1262 1802 saturae
1293 1761 1381 1815 περὶ
1411 1761 1604 1816 ἐξαγωγῆς
1634 1767 1738 1818 prio-

257 1850 341 1875 rem
375 1842 532 1887 partem
560 1836 627 1874 vel
661 1834 920 1886 neglegentia
955 1834 1078 1872 Nonii
1114 1834 1182 1872 vel
1211 1834 1350 1872 mutilo
1380 1835 1570 1875 librorum
1599 1836 1739 1875 habitu
1757 1846 1765 1852 '

257 1907 492 1946 desiderari.
559 1906 669 1944 Illud
706 1905 919 1944 levidense
959 1909 1020 1942 est
1057 1905 1164 1956 quod
1203 1910 1363 1944 saturae
1405 1906 1610 1957 Τριοδίτης
1649 1909 1738 1958 Τρι-

255 1972 391 2024 πόλιος
438 1974 526 2027 περὶ
564 1969 704 2027 ἀρετῆς
746 1971 915 2026 κτήσεως
946 1975 1159 2027 quinquies
1197 1976 1400 2024 laudatae,
1428 1977 1554 2015 semel
1587 1977 1738 2015 excidit

255 2051 398 2099 trifolio
430 2049 612 2097 (crifilio):
642 2047 683 2086 id
713 2047 821 2100 quod
854 2051 1114 2098 componatur
1139 2060 1227 2084 eum
1250 2046 1330 2084 illis
1350 2044 1440 2097 περὶ
1459 2043 1738 2098 γεγαμηκότων

254 2120 513 2167 testimoniis,
545 2132 648 2170 quae
679 2132 799 2170 supra
828 2118 956 2169 posui.
1010 2118 1154 2170 Itaque
1183 2119 1262 2156 iam
1293 2123 1475 2170 apertum
1504 2123 1586 2166 est,
1618 2131 1739 2171 quam

255 2191 479 2243 paullulum
518 2188 639 2234 absit,
681 2193 723 2225 ut
753 2188 909 2227 Nonius
940 2190 980 2227 in
1009 2190 1057 2227 iis
1089 2188 1236 2236 titulis,
1269 2202 1437 2241 quorum
1467 2180 1603 2240 partes
1622 2188 1737 2228 ,duae

254 2262 494 2301 testimoniis
544 2258 781 2309 exploratae
829 2266 937 2307 sunt,
991 2260 1121 2299 ubivis
1169 2259 1434 2317 constantiam
1479 2260 1530 2298 sit
1555 2266 1736 2299 secutus:

255 2346 498 2385 quamquam
535 2343 609 2380 ego
649 2343 729 2367 non
766 2330 800 2367 is
837 2344 946 2378 sum,
986 2332 1054 2384 qui
1086 2331 1152 2370 vel
1182 2343 1313 2383 pauca
1345 2343 1414 2378 ea,
1458 2331 1631 2382 quaein
1661 2331 1736 2369 hoo

254 2415 403 2453 genere
436 2401 585 2440 delicta
606 2406 711 2448 sunt,
743 2401 858 2439 unius
878 2401 1001 2440 Nonii
1025 2402 1169 2453 eulpae
1195 2400 1429 2439 attribuam:
1459 2407 1594 2453 potest
1616 2416 1736 2441 unum

255 2474 478 2512 alterumve
511 2471 803 2522 descriptorum
834 2472 930 2509 vitio
956 2473 1024 2510 vel
1056 2473 1253 2510 communi
1274 2470 1467 2510 librorum
1490 2472 1649 2511 fortuna
1673 2471 1734 2512 or-

253 2553 336 2582 tum
376 2555 477 2580 esse.
537 2540 659 2578 Nonii
688 2540 851 2592 quidem
880 2543 1004 2593 ipsius
1037 2555 1133 2580 eura
1164 2543 1297 2593 potius
1328 2555 1448 2593 quam
1475 2535 1629 2581 incuria
1658 2557 1736 2595 quo

253 2615 497 2660 illustretur,
535 2624 616 2648 non
654 2625 749 2649 casu
780 2611 977 2649 accidisse
1003 2616 1113 2663 puto,
1147 2611 1252 2663 quod
1284 2625 1373 2650 eum
1397 2615 1572 2660 periplus
1600 2615 1662 2651 lib.
1692 2615 1742 2652 ΙΙ

254 2685 381 2723 tribus
414 2685 515 2723 loeis
545 2670 657 2732 (non
697 2682 878 2734 pluribus
917 2681 1078 2733 citatur)
1121 2683 1257 2722 addito
1294 2681 1383 2734 περὶ
1415 2681 1650 2732 φιλοσοφίας
1676 2685 1733 2721 af-

253 2754 419 2800 feratur,
454 2752 634 2791 eiusdem
657 2743 814 2803 pem'pla
844 2756 904 2792 lib.
937 2755 961 2791 I
987 2754 1084 2792 item
1113 2754 1239 2792 tribus
1268 2754 1507 2793 testimoniis
1538 2755 1622 2792 sine
1651 2753 1732 2791 ullo

254 2822 527 2861 additamento
569 2823 769 2862 laudetur.
838 2824 894 2862 Ut
938 2824 1033 2861 mihi
1073 2824 1235 2876 quidem
1277 2836 1414 2864 earum
1448 2825 1731 2874 opinationum,

248 2899 353 2943 ‘quas
388 2892 636 2939 Ritsehelius
679 2893 728 2932 de
767 2907 816 2932 ea
849 2900 985 2932 satura
1013 2894 1180 2946 protulit
1208 2894 1258 2932 de
1289 2890 1446 2945 discipl.
1478 2894 1590 2932 libris
1617 2907 1656 2944 p.
1690 2902 1731 2935 15
