1898 3236
229 268 282 309 66
491 312 494 315 ,
799 273 1139 305 communem

429 380 566 428 fere'ns
593 391 764 416 securem
791 374 950 417 humer-15
980 381 1176 427 bipennem
1209 379 1396 427 ferream,

234 488 274 521 et
311 480 419 533 quod
452 480 586 518 statim
617 479 822 529 subiungit
853 479 1033 518 eiusdem
1063 485 1223 518 saturae
1256 480 1305 519 fr.
1336 486 1378 520 9:
1418 493 1511 517 cavo
1533 480 1641 528 fonte
1670 485 1711 517 ut

232 566 316 591 cum
346 554 525 600 inrigavit
554 556 690 588 cavata
721 555 872 589 aurium
903 552 1087 600 anfracta
1113 554 1151 589 in
1180 554 1312 589 silvam
1343 561 1483 588 vocans
1514 549 1609 586 ‘non
1640 548 1711 586 du-

233 623 347 670 bit-at,
379 622 475 674 quin
505 621 633 659 eiecto
666 627 707 659 ut
737 622 793 659 ita
821 620 1165 673 transponendum
1193 622 1266 659 sit:

438 723 536 760 Cavo'
564 728 700 760 cavata
723 723 832 771 fonte
862 735 945 760 cum
975 722 1154 770 inriycivit
1185 723 1368 771 anfracta
1396 723 1578 770 aurium?

234 826 327 864 Non
360 837 487 874 nego,
525 824 558 861 si
594 823 690 861 licet
722 824 778 861 ita
814 823 856 861 in
889 828 1094 862 truncatas
1125 823 1318 876 reliquias
1356 824 1553 874 grassari,
1594 822 1715 860 facile

236 897 390 943 omnia,
429 907 533 947 quae
572 907 594 931 e
625 894 771 931 saturis
801 894 1040 942 afferuntur,
1072 899 1111 931 et
1140 894 1266 932 multo
1294 895 1412 933 etiam
1442 894 1559 946 plura
1596 905 1716 944 posse

236 966 373 1005 metris
422 978 469 1003 ac
505 963 688 1003 versibus
723 963 919 1002 describi:
970 963 1128 1002 illorum
1163 977 1268 1016 quae
1312 978 1435 1016 supra
1476 964 1591 1014 posui
1627 976 1716 1013 per-

236 1044 317 1075 tem
349 1050 440 1075 esse
467 1050 510 1074 re
541 1048 639 1073 vera
666 1046 821 1082 versuS,
852 1039 892 1071 et
921 1046 1000 1086 quo
1032 1034 1149 1072 modo
1182 1033 1366 1072 distribui
1398 1034 1587 1081 debeant,
1620 1032 1718 1071 alibi

239 1106 463 1146 ostendam.
524 1105 606 1143 Sed
649 1118 737 1144 eam
780 1105 983 1143 licentiam
1025 1103 1162 1142 dubito
1209 1117 1301 1142 num
1338 1103 1423 1142 ulla
1457 1104 1586 1155 possit
1616 1104 1719 1141 ratio

238 1178 357 1217 tueri.
406 1177 511 1215 Nam
543 1175 650 1227 quod
680 1176 875 1223 Nonium,
908 1177 971 1214 cui
1002 1176 1250 1227 potissimam
1271 1180 1426 1226 partem
1448 1174 1590 1212 horum
1612 1173 1720 1222 frag-

238 1254 461 1287 mentorum
497 1246 712 1295 debemus,
750 1247 855 1284 omni
893 1259 1044 1297 genere
1073 1245 1337 1297 corruptelae·
1358 1245 1609 1296 inquinatum
1638 1244 1720 1282 iac-

239 1323 339 1366 tant,
368 1318 443 1356 hoc
474 1321 517 1355 ut
547 1330 685 1355 omnes
717 1318 921 1365 novimus,
954 1318 1010 1356 ita
1038 1331 1116 1356 non
1143 1321 1297 1355 tantum
1328 1315 1466 1354 valere
1498 1314 1640 1362 debet,
1679 1318 1723 1351 ut

241 1389 361 1427 etiam
403 1400 506 1439 quae
544 1400 595 1426 ne
630 1389 807 1439 speciem
845 1387 1008 1440 quidem
1045 1386 1344 1438 depravationis
1375 1398 1472 1437 prae
1502 1398 1546 1423 se
1577 1384 1722 1430 ferant,

242 1471 292 1497 ex
323 1458 486 1497 arbitrio
515 1462 822 1496 contrectemus.
862 1456 962 1496 Cum
994 1458 1098 1496 enim
1130 1456 1234 1495 absit
1261 1451 1461 1495 disertum'
1486 1455 1536 1493 de
1566 1455 1722 1506 Menip-

243 1542 407 1581 pearum
439 1528 568 1566 forma
599 1528 869 1566 testimonium
903 1526 1030 1578 (certe
1064 1528 1201 1576 locus,
1232 1527 1350 1565 modo
1381 1527 1633 1577 incorruptus
1656 1525 1723 1571 sit,

245 1599 483 1651 Quintiliani
502 1599 544 1636 X
564 1606 594 1647 l,
613 1603 658 1639 95
685 1597 920 1637 dissuadeat
940 1598 1070 1649 magis
1089 1611 1207 1651 quam
1226 1591 1480 1636 commendet
1497 1596 1725 1648 opinionem

244 1670 459 1722 Roeperi),
500 1676 678 1707 nostrum
710 1673 772 1706 est
800 1681 821 1706 e
854 1669 1034 1721 reliquiis
1062 1669 1233 1717 discere,
1267 1669 1363 1721 quid
1381 1667 1553 1708 Varroni
1577 1667 1618 1705 in
1647 1666 1724 1704 hoc

243 1754 393 1791 genere
430 1739 651 1778 litterarum
687 1737 899 1790 probatum
939 1739 1071 1778 fuerit.
1131 1739 1236 1777 Nolo
1266 1739 1369 1777 haee
1401 1751 1507 1777 nunc
1537 1738 1726 1790 persequi

245 1811 426 1862 longius:
457 1810 576 1848 immo
599 1822 672 1861 per
701 1814 878 1847 saturam
899 1823 1047 1862 ponam
1079 1823 1102 1847 a
1123 1809 1310 1861 Roepero
1331 1814 1504 1847 tractata
1525 1807 1724 1860 exempla,

244 1888 289 1921 ut
314 1882 380 1921 vel
411 1881 524 1920 nulla
548 1893 639 1919 esse
671 1879 726 1919 ibi
751 1886 892 1929 metra,
919 1879 988 1918 ubi
1014 1880 1083 1918 ille
1114 1879 1292 1931 putavit,
1323 1878 1390 1917 vel
1420 1891 1500 1918 non
1530 1892 1591 1926 ea,
1623 1862 1726 1930 quae

247 1953 283 1990 ei
304 1953 392 1991 visa
412 1952 504 1999 sint,
537 1951 768 1990 ostendam:
800 1964 954 1989 sumam
974 1955 1107 1988 autem
1127 1962 1189 1997 ea,
1212 1962 1379 2001 quorum
1401 1949 1512 1988 nulla
1535 1950 1575 1987 in
1592 1954 1726 2001 poste-

245 2021 416 2061 rioribus
447 2022 594 2060 mentio
626 2022 720 2060 erit:
753 2020 833 2059 alia
858 2019 998 2059 licebit
1027 2019 1122 2058 data
1143 2020 1356 2058 occasione
1377 2020 1662 2070 perstringere.

358 2092 502 2143 Itaque
525 2092 658 2130 statim
689 2091 774 2129 eius
796 2097 971 2139 saturae,
1004 2103 1108 2143 quae
1129 2090 1257 2142 prima
1279 2095 1340 2127 est
1360 2090 1467 2141 apud
1493 2090 1727 2139 Oehlerum,

248 2168 467 2199 Anomomum
500 2162 548 2200 fr.
573 2168 596 2202 4
632 2164 768 2211 Itaque
802 2163 908 2200 brevi
944 2167 1111 2209 tempore
1141 2173 1279 2213 m-ayna
1306 2172 1406 2208 pars
1433 2163 1471 2198 in
1501 2163 1729 2199 desiderium

245 2221 441 2282 paparum
479 2238 515 2269 el
551 2235 760 2282 siyillorum
797 2233 968 2270 veniebat
1019 2229 1095 2282 (sic
1134 2232 1238 2270 enim
1279 2231 1435 2269 Nonius
1476 2243 1515 2282 p.
1548 2237 1636 2278 156,
1670 2230 1728 2282 19)

248 2305 472 2355 RoeperuS‚
503 2316 582 2354 quo
611 2316 752 2342 versus
785 2302 1006 2354 prodirent,
1037 2301 1079 2339 in
1105 2301 1212 2339 hunc
1236 2301 1397 2340 modum
1427 2301 1688 2341 deformavit:

452 2422 709 2434 .......
741 2394 874 2441 itaque'
899 2394 1005 2430 brevi
1029 2405 1169 2440 maana
1199 2392 1368 2440 te'mpore

450 2463 552 2501 Pa'rs
581 2465 621 2500 in
650 2464 879 2501 desiderium
907 2474 1102 2510 paparum
1131 2465 1169 2500 e¹t
1196 2465 1404 2512 siyillorntm
1432 2467 1543 2502 venit.

250 2552 336 2591 vel:
387 2554 492 2590 brevi
534 2555 662 2601 itaque
704 2565 843 2602 mayna
889 2558 1068 2600 tempore.
1142 2552 1299 2592 Neutra
1346 2552 1557 2593 collocatio
1602 2555 1670 2594 v'el
1708 2569 1732 2594 a

251 2628 376 2661 metro
430 2627 622 2661 venusta:
678 2623 856 2662 insuavis
912 2624 1017 2661 enim
1069 2623 1139 2662 ille
1190 2623 1458 2662 tribrachicae
1509 2626 1622 2664 vocis
1665 2639 1730 2664 ac-

253 2698 393 2731 centus
433 2693 582 2741 itaqud:
622 2694 734 2732 cuius
766 2706 862 2732 usus
901 2692 1045 2745 quibus
1075 2693 1219 2732 finibus
1251 2695 1293 2732 in
1323 2699 1407 2732 arte
1437 2694 1626 2734 Plautina
1656 2696 1730 2734 cir-

254 2765 520 2815 cumscriptus
550 2763 691 2811 fuerit,
730 2764 976 2804 Ritschelius
1009 2764 1129 2803 docet
1159 2765 1200 2803 in
1229 2764 1525 2816 prolegomenis
1559 2764 1610 2803 ad
1639 2765 1730 2804 Tri-

252 2846 454 2872 nummum
490 2848 530 2886 p.
568 2846 725 2874 ccxxv:
771 2835 899 2873 altera
934 2836 1120 2874 formatio
1157 2836 1343 2874 vitiosam
1378 2833 1581 2873 ‘iambicae
1618 2837 1732 2875 vocis

254 2903 462 2941 elisionem
492 2904 633 2952 infert,
674 2904 724 2942 de
753 2918 832 2956 qua
863 2898 946 2943 diizi
973 2920 1012 2957 p.
1043 2912 1100 2946 25.
1161 2905 1243 2944 Sed
1275 2918 1349 2955 ego
1377 2918 1428 2943 ne
1461 2904 1733 2957 adstipulante
