1898 3236
774 255 1118 286 conmeantum.
1259 270 1261 272 -
1615 249 1689 291 181

206 377 257 401 an
274 365 321 401 de
342 361 415 414 (cf.
432 361 655 414 addenda),
674 362 812 401 nescio
828 366 959 400 utrum
977 364 1110 400 beluae
1133 361 1289 401 duabus
1310 362 1479 416 syllabis
1496 377 1547 402 an
1565 364 1694 416 prima

207 439 390 485 correpta
421 433 554 472 efferri
584 433 775 472 voluerit:
807 447 884 472 nec
909 433 944 471 is
974 433 1079 471 tales
1101 433 1289 473 minutias
1311 434 1413 473 solet
1435 447 1590 473 curare.
1627 436 1693 473 De

205 506 257 544 T.
288 504 464 544 Albucio
494 506 546 544 cf.
575 505 800 543 Drumanni
830 506 1054 544 Geschichte
1083 506 1201 542 Roms
1226 504 1265 543 V
1290 519 1328 556 p.
1355 510 1425 546 708
1453 503 1546 543 adn.
1576 510 1617 543 et
1642 504 1691 544 Ο.

204 575 372 614 Iahnius
411 574 464 614 ad
496 575 705 616 Ciceronis
733 576 904 615 Brutum
935 581 1000 621 35,
1036 581 1120 622 131,
1165 573 1236 613 ubi
1267 574 1411 615 Cicero
1442 575 1692 629 illuml‘per-

204 646 355 685 fectum
392 646 662 698 Epicureum'
699 646 903 698 appellat:
949 652 994 684 ut
1031 646 1133 685 haec
1172 646 1300 685 omnis
1332 645 1456 684 dictio
1490 629 1618 686 volvite
1648 651 1694 686 de

203 720 339 757 Albuci
376 720 494 756 subus
531 718 747 756 Horatiani
786 717 1005 756 admoneat
1042 719 1209 766 Epicuri
1253 719 1300 755 de
1335 729 1451 767 φερε
1475 730 1624 766 porcus
1652 719 1693 757 in

203 789 388 841 epistulis
415 788 437 826 I
465 795 497 836 4,
532 794 585 831 16.
645 790 710 827 De
738 789 860 827 volva
889 788 958 826 vel
989 788 1133 837 vulva,
1169 801 1274 842 quae
1309 787 1388 826 fuit
1414 802 1509 840 pars
1541 789 1692 829 delica-

202 862 281 900 tior
317 860 418 908 suis,
463 858 557 897 vide
601 859 843 907 Lambinuxm
882 859 932 898 ad
970 860 1131 898 Horatii
1170 859 1434 912 epistularum
1468 861 1490 899 I
1530 868 1591 910 15,
1632 867 1688 903 41.

140 974 144 979 ‚
200 918 346 984 Itaque
373 930 504 970 Varro
543 944 633 969 cum
663 931 1012 985 Pythagoreorum
1044 930 1412 984 metempsychosin
1442 930 1591 984 lepidis
1623 945 1693 971 ex-

201 1002 344 1055 emplis
376 1007 578 1054 carperet,
618 1016 700 1041 non
736 1002 869 1041 omisit
906 1002 1162 1041 occasionem
1190 1001 1424 1054 Epicureis,
1453 1002 1693 1055 quibuscum

199 1073 363 1112 videtur
390 1073 542 1112 nullam
575 1074 735 1113 omnino
762 1072 1108 1112 necessitudinem
1136 1072 1330 1111 habuisse
1370 1073 1440 1126 (cf.
1471 1074 1611 1113 Rothii
1643 1075 1694 1115 de

200 1145 286 1184 vita
314 1144 510 1183 Varronis
537 1158 577 1197 p.
610 1152 655 1185 10
683 1144 796 1197 adn.)
825 1145 1029 1184 stimulum
1055 1143 1244 1183 addendi.
1305 1144 1610 1197 Empedocleae
1642 1146 1693 1184 de

201 1216 356 1268 origine
385 1229 517 1255 rerum
546 1216 793 1264 sententiae,
825 1209 946 1268 quam
975 1215 1135 1255 fr.·XV
1166 1215 1345 1265 deridet,
1380 1216 1476 1256 vide
1508 1223 1692 1256 veterum

199 1287 430 1327 testimonia
460 1286 568 1339 apud
595 1286 822 1326 Prellerum
852 1286 942 1326 hist.
974 1285 1121 1338 philos.
1143 1301 1184 1339 p.
1216 1293 1282 1328 142
1312 1286 1376 1326 ed.
1401 1287 1457 1327 II.
1502 1287 1693 1328 Ceterum

197 1358 407 1398 lenissima
434 1357 655 1397 mutatione
687 1358 760 1405 (uti
788 1359 894 1397 enim
927 1352 1071 1409 scripsi
1094 1372 1168 1410 pro
1198 1362 1254 1410 ut)
1285 1359 1453 1412 probum
1482 1360 1577 1399 inde
1598 1374 1691 1414 sep·

198 1431 396 1470 tenarium
429 1428 678 1468 trochaicum
708 1428 850 1478 elicui,
891 1442 1010 1483 quem
1054 1430 1190 1482 capite
1221 1444 1302 1469 una
1333 1430 1496 1483 syllaba
1528 1437 1690 1470 trunca-

197 1508 279 1542 tum
321 1500 543 1553 praemisso
587 1512 722 1549 nempe
769 1501 935 1554 plenum
977 1500 1172 1540 exhibere
1215 1502 1362 1554 possis.
1424 1500 1507 1540 Sed
1548 1501 1599 1540 de
1641 1515 1689 1540 eo

198 1571 481 1625 supplemento
509 1571 610 1610 nihil
640 1572 809 1611 affirmo.
855 1572 1060 1610 Zenonem
1083 1571 1215 1610 Varro
1247 1572 1367 1611 etiam
1398 1573 1439 1611 in
1465 1575 1691 1614 Sssoummxs

199 1642 250 1681 ad
280 1647 418 1695 partes
436 1643 620 1683 vocavit:
652 1642 746 1682 vide
766 1656 804 1695 p.
827 1648 893 1684 114
913 1655 1001 1695 sqq.
1047 1641 1178 1694 Quam
1198 1643 1450 1695 potissimum
1473 1644 1690 1682 stoicorum

197 1713 441 1752 sententiam
465 1713 541 1752 hoc
561 1713 650 1752 loco
673 1712 825 1752 derisui
845 1712 1045 1762 habuerit,
1077 1711 1157 1751 dici
1178 1714 1331 1767 nequit.
1373 1713 1536 1768 Carpsit
1555 1721 1688 1754 autem

196 1797 495 1837 nonnumquam
526 1784 567 1823 in
595 1785 686 1824 aliis
715 1797 875 1838 quoque
907 1784 1054 1823 saturis
1086 1783 1302 1823 stoicorum
1327 1779 1543 1837 παράδοξα,
1575 1785 1688 1825 velut

196 1857 447 1896 notissimum
477 1854 600 1904 illud,
641 1855 771 1894 solum
802 1855 1028 1908 sapientem
1057 1854 1294 1905 formosum,
1331 1869 1489 1908 regem,
1521 1855 1688 1896 divitem

197 1942 304 1976 esse,
343 1929 385 1967 in
426 1941 474 1967 ea
507 1932 666 1976 satura,
707 1927 772 1965 cui
811 1925 1046 1965 inscribitur
1084 1929 1201 1963 Louan
1236 1931 1341 1964 Fumr
1364 1910 1538 1970 Qm'Snos
1561 1932 1686 1964 Fumr:

194 1998 290 2038 item
324 1998 541 2038 stoicorum
578 1997 745 2037 decret-a
782 1998 824 2036 in
852 1997 1000 2036 saturis
1032 2001 1125 2034 Περι
1154 2002 1406 2054 ΕΞΛΓωι-Ηειθῐ
1434 2004 1686 2039 Kocmoropvnn

193 2076 431 2122 persecutus
463 2074 536 2108 est.
598 2067 660 2108 Cf.
686 2068 824 2107 Rothii
849 2066 900 2105 de
930 2067 1018 2106 vita
1045 2067 1241 2107 Varronis
1271 2082 1308 2120 p.
1339 2075 1361 2111 9
1390 2083 1450 2122 sq.
1478 2070 1571 2109 adn.
1631 2071 1685 2109 Il-

193 2141 264 2180 lud
303 2140 412 2193 quod
451 2139 569 2187 dicit,
608 2139 813 2178 Zenonem
838 2151 984 2176 novam
1014 2137 1215 2177 haeresim
1253 2153 1359 2178 novo
1404 2141 1560 2192 paxillo
1599 2155 1683 2181 sus-

194 2210 407 2263 pendisse,
453 2209 592 2262 lepida
630 2208 839 2248 translatio
878 2214 939 2247 est
975 2222 1048 2261 pro
1089 2210 1275 2262 simplici,
1307 2211 1511 2251 Zenonem
1538 2227 1684 2252 novam

194 2297 216 2321 e
254 2296 360 2320 novo
396 2281 595 2333 principio
633 2279 847 2319 deductam
882 2282 1081 2321 rationem
1119 2280 1342 2321 induxisse.
1403 2282 1464 2322 Cf.
1499 2283 1550 2323 de
1579 2298 1685 2323 novo

193 2352 360 2405 paxillo'
388 2366 426 2403 p.
470 2357 547 2393 136.
617 2349 807 2390 Ceterum
851 2353 1103 2405 septenarios
1146 2353 1368 2403 iambicos,
1415 2368 1516 2407 quos
1555 2356 1685 2394 suasit

193 2424 511 2471 Fleckeisenus,
550 2421 732 2461 distinxi.

308 2512 526 2572 Concludit
567 2513 898 2565 philosophorum
942 2527 1155 2554 recensum
1186 2496 1371 2567 'graviter
1407 2515 1484 2555 hac
1519 2518 1682 2568 pervul-

193 2590 289 2636 gata
317 2585 541 2624 sententia:

307 2684 433 2737 XVII
467 2695 546 2749 (30)
579 2698 778 2736 Postre'mo
804 2710 912 2737 nemo
942 2701 1124 2749 aeyrdtus
1147 2702 1351 2749 quicquam
1377 2701 1541 2738 somniat

579 2771 670 2807 Tam
702 2770 930 2819 infdndum,
963 2774 1067 2820 quod
1101 2785 1177 2811 non
1213 2772 1352 2820 dliquis
1382 2774 1486 2810 dicat
1510 2770 1679 2819 philoso-
1751 2777 1754 2781 ’

1506 2845 1620 2891 phus.

193 2918 269 2958 Cui
301 2919 508 2958 consimile
540 2918 640 2958 illud
669 2918 779 2971 apud
808 2918 1048 2960 Ciceronem
1071 2920 1122 2960 de
1152 2920 1402 2960 divinatione
1432 2921 1475 2960 II
1502 2928 1559 2971 58,
1594 2929 1677 2964 119:
