<?xml version="1.0" encoding="UTF-8"?>
<!DOCTYPE html PUBLIC "-//W3C//DTD XHTML 1.0 Transitional//EN"
    "http://www.w3.org/TR/xhtml1/DTD/xhtml1-transitional.dtd">
<html xmlns="http://www.w3.org/1999/xhtml" xml:lang="en" lang="en">
 <head>
  <title>
</title>
<meta http-equiv="Content-Type" content="text/html;charset=utf-8" />
  <meta name='ocr-system' content='tesseract 3.04.00' />
  <meta name='ocr-capabilities' content='ocr_page ocr_carea ocr_par ocr_line ocrx_word'/>
</head>
<body>
  <div class='ocr_page' id='page_1' title='image "./inmterentivarron00vahluoft/inmterentivarron00vahluoft_0195.png"; bbox 0 0 1898 3236; ppageno 0'>
   <div class='ocr_carea' id='block_1_1' title="bbox 721 272 1639 317">
    <p class='ocr_par' dir='ltr' id='par_1_1' title="bbox 721 272 1639 317">
     <span class='ocr_line' id='line_1_1' title="bbox 721 272 1639 317; baseline -0.002 0"><span class='ocrx_word' id='word_1_1' title='bbox 721 286 1064 317; x_wconf 73' lang='lat' dir='ltr'><strong>comscTANsA.</strong></span> <span class='ocrx_word' id='word_1_2' title='bbox 1249 272 1251 274; x_wconf 80' lang='grc'><strong>’</strong></span> <span class='ocrx_word' id='word_1_3' title='bbox 1564 275 1639 316; x_wconf 86' lang='grc'><strong>185</strong></span> 
     </span>
    </p>
   </div>
   <div class='ocr_carea' id='block_1_2' title="bbox 148 391 1639 798">
    <p class='ocr_par' dir='ltr' id='par_1_2' title="bbox 148 391 1639 659">
     <span class='ocr_line' id='line_1_2' title="bbox 151 391 1638 446; baseline -0.003 -13"><span class='ocrx_word' id='word_1_4' title='bbox 151 400 192 434; x_wconf 88' lang='lat' dir='ltr'><strong>et</strong></span> <span class='ocrx_word' id='word_1_5' title='bbox 229 395 362 433; x_wconf 82' lang='lat' dir='ltr'><strong>locum</strong></span> <span class='ocrx_word' id='word_1_6' title='bbox 401 394 443 433; x_wconf 91' lang='lat' dir='ltr'><strong>in</strong></span> <span class='ocrx_word' id='word_1_7' title='bbox 479 393 557 432; x_wconf 84' lang='lat' dir='ltr'><strong>hac</strong></span> <span class='ocrx_word' id='word_1_8' title='bbox 591 397 708 446; x_wconf 84' lang='lat' dir='ltr'><strong>parte</strong></span> <span class='ocrx_word' id='word_1_9' title='bbox 745 391 955 431; x_wconf 85' lang='lat' dir='ltr'><strong>vindicare</strong></span> <span class='ocrx_word' id='word_1_10' title='bbox 995 396 1037 430; x_wconf 89' lang='lat' dir='ltr'><strong>et</strong></span> <span class='ocrx_word' id='word_1_11' title='bbox 1073 391 1271 430; x_wconf 87' lang='lat' dir='ltr'><strong>rationem</strong></span> <span class='ocrx_word' id='word_1_12' title='bbox 1302 403 1351 429; x_wconf 86' lang='lat' dir='ltr'><strong>ac</strong></span> <span class='ocrx_word' id='word_1_13' title='bbox 1380 403 1543 429; x_wconf 87' lang='lat' dir='ltr'><strong>sensum</strong></span> <span class='ocrx_word' id='word_1_14' title='bbox 1572 405 1638 429; x_wconf 87' lang='lat' dir='ltr'><strong>ac-</strong></span> 
     </span>
     <span class='ocr_line' id='line_1_3' title="bbox 150 461 1639 517; baseline -0.003 -12"><span class='ocrx_word' id='word_1_15' title='bbox 150 467 326 505; x_wconf 85' lang='lat' dir='ltr'><strong>curatius</strong></span> <span class='ocrx_word' id='word_1_16' title='bbox 363 465 543 505; x_wconf 87' lang='lat' dir='ltr'><strong>definire.</strong></span> <span class='ocrx_word' id='word_1_17' title='bbox 603 464 763 517; x_wconf 82' lang='lat' dir='ltr'>Nempe</span> <span class='ocrx_word' id='word_1_18' title='bbox 794 462 1023 515; x_wconf 80' lang='lat' dir='ltr'><strong>exemplum</strong></span> <span class='ocrx_word' id='word_1_19' title='bbox 1053 475 1078 500; x_wconf 89' lang='lat' dir='ltr'><strong>a</strong></span> <span class='ocrx_word' id='word_1_20' title='bbox 1104 461 1239 501; x_wconf 89' lang='lat' dir='ltr'><strong>furore</strong></span> <span class='ocrx_word' id='word_1_21' title='bbox 1265 462 1407 501; x_wconf 79' lang='lat' dir='ltr'><strong>Aiacis</strong></span> <span class='ocrx_word' id='word_1_22' title='bbox 1442 462 1639 501; x_wconf 87' lang='lat' dir='ltr'><strong>Horatius</strong></span> 
     </span>
     <span class='ocr_line' id='line_1_4' title="bbox 150 533 1637 590; baseline -0.004 -14"><span class='ocrx_word' id='word_1_23' title='bbox 150 551 311 590; x_wconf 87' lang='lat' dir='ltr'><strong>quoque</strong></span> <span class='ocrx_word' id='word_1_24' title='bbox 348 535 512 589; x_wconf 84' lang='lat' dir='ltr'><strong>repetiit</strong></span> <span class='ocrx_word' id='word_1_25' title='bbox 543 547 739 588; x_wconf 82' lang='lat' dir='ltr'><strong>suumque</strong></span> <span class='ocrx_word' id='word_1_26' title='bbox 775 536 818 575; x_wconf 92' lang='lat' dir='ltr'><strong>in</strong></span> <span class='ocrx_word' id='word_1_27' title='bbox 842 546 959 573; x_wconf 87' lang='lat' dir='ltr'><strong>usum</strong></span> <span class='ocrx_word' id='word_1_28' title='bbox 987 533 1207 572; x_wconf 87' lang='lat' dir='ltr'><strong>convertit:</strong></span> <span class='ocrx_word' id='word_1_29' title='bbox 1247 547 1287 571; x_wconf 90' lang='lat' dir='ltr'><strong>v.</strong></span> <span class='ocrx_word' id='word_1_30' title='bbox 1320 538 1385 575; x_wconf 85' lang='lat'><strong>197</strong></span> <span class='ocrx_word' id='word_1_31' title='bbox 1413 533 1472 571; x_wconf 87' lang='lat' dir='ltr'><strong>sic</strong></span> <span class='ocrx_word' id='word_1_32' title='bbox 1499 546 1637 585; x_wconf 86' lang='lat' dir='ltr'><strong>perso-</strong></span> 
     </span>
     <span class='ocr_line' id='line_1_5' title="bbox 148 607 602 659; baseline -0.002 -12"><span class='ocrx_word' id='word_1_33' title='bbox 148 613 268 647; x_wconf 87' lang='lat' dir='ltr'><strong>natus</strong></span> <span class='ocrx_word' id='word_1_34' title='bbox 297 607 602 659; x_wconf 79' lang='lat' dir='ltr'><strong>Agamemnon:</strong></span> 
     </span>
    </p>

    <p class='ocr_par' dir='ltr' id='par_1_3' title="bbox 349 684 1478 732">
     <span class='ocr_line' id='line_1_6' title="bbox 349 684 1478 732; baseline -0.004 -6"><span class='ocrx_word' id='word_1_35' title='bbox 349 688 455 726; x_wconf 85' lang='lat' dir='ltr'><strong>Mille</strong></span> <span class='ocrx_word' id='word_1_36' title='bbox 483 689 607 725; x_wconf 84' lang='lat' dir='ltr'><strong>ovium</strong></span> <span class='ocrx_word' id='word_1_37' title='bbox 634 688 796 724; x_wconf 79' lang='lat' dir='ltr'><strong>insanus</strong></span> <span class='ocrx_word' id='word_1_38' title='bbox 824 686 940 722; x_wconf 82' lang='lat' dir='ltr'><strong>morti</strong></span> <span class='ocrx_word' id='word_1_39' title='bbox 967 684 1081 729; x_wconf 81' lang='lat' dir='ltr'><strong>dedit,</strong></span> <span class='ocrx_word' id='word_1_40' title='bbox 1110 684 1293 732; x_wconf 80' lang='lat' dir='ltr'><strong>inclytum</strong></span> <span class='ocrx_word' id='word_1_41' title='bbox 1328 685 1478 722; x_wconf 76' lang='lat' dir='ltr'><strong>Ulixem</strong></span> 
     </span>
    </p>

    <p class='ocr_par' dir='ltr' id='par_1_4' title="bbox 349 756 1422 798">
     <span class='ocr_line' id='line_1_7' title="bbox 349 756 1422 798; baseline -0.004 -2"><span class='ocrx_word' id='word_1_42' title='bbox 349 761 402 797; x_wconf 84' lang='lat' dir='ltr'><strong>Et</strong></span> <span class='ocrx_word' id='word_1_43' title='bbox 428 760 647 798; x_wconf 80' lang='lat' dir='ltr'><strong><em>Menelaum</em></strong></span> <span class='ocrx_word' id='word_1_44' title='bbox 676 769 756 795; x_wconf 86' lang='lat' dir='ltr'><strong>una</strong></span> <span class='ocrx_word' id='word_1_45' title='bbox 787 767 932 794; x_wconf 90' lang='lat' dir='ltr'><strong>mecum</strong></span> <span class='ocrx_word' id='word_1_46' title='bbox 962 766 1004 792; x_wconf 82' lang='lat' dir='ltr'><strong>se</strong></span> <span class='ocrx_word' id='word_1_47' title='bbox 1031 756 1205 793; x_wconf 83' lang='lat' dir='ltr'><strong>occidere</strong></span> <span class='ocrx_word' id='word_1_48' title='bbox 1236 757 1422 793; x_wconf 82' lang='lat' dir='ltr'><strong>clamans.</strong></span> 
     </span>
    </p>
   </div>
   <div class='ocr_carea' id='block_1_3' title="bbox 147 845 1128 901">
    <p class='ocr_par' dir='ltr' id='par_1_5' title="bbox 147 845 1128 901">
     <span class='ocr_line' id='line_1_8' title="bbox 147 845 1128 901; baseline -0.005 -13"><span class='ocrx_word' id='word_1_49' title='bbox 147 849 223 888; x_wconf 84' lang='lat' dir='ltr'><strong>Cui</strong></span> <span class='ocrx_word' id='word_1_50' title='bbox 245 850 519 901; x_wconf 83' lang='lat' dir='ltr'><strong>Damasippus</strong></span> <span class='ocrx_word' id='word_1_51' title='bbox 547 862 570 888; x_wconf 91' lang='lat' dir='ltr'><strong>e</strong></span> <span class='ocrx_word' id='word_1_52' title='bbox 598 853 733 887; x_wconf 87' lang='lat' dir='ltr'><strong>mente</strong></span> <span class='ocrx_word' id='word_1_53' title='bbox 763 846 947 886; x_wconf 81' lang='lat' dir='ltr'><strong>Stertinii</strong></span> <span class='ocrx_word' id='word_1_54' title='bbox 969 845 1128 893; x_wconf 75' lang='lat' dir='ltr'><strong>reiicit:</strong></span> 
     </span>
    </p>
   </div>
   <div class='ocr_carea' id='block_1_4' title="bbox 345 937 1637 1270">
    <p class='ocr_par' dir='ltr' id='par_1_6' title="bbox 353 937 1447 988">
     <span class='ocr_line' id='line_1_9' title="bbox 353 937 1447 988; baseline -0.005 -10"><span class='ocrx_word' id='word_1_55' title='bbox 353 941 411 978; x_wconf 91' lang='lat' dir='ltr'><strong>Tu</strong></span> <span class='ocrx_word' id='word_1_56' title='bbox 440 952 527 978; x_wconf 89' lang='lat' dir='ltr'><strong>cum</strong></span> <span class='ocrx_word' id='word_1_57' title='bbox 552 952 629 988; x_wconf 83' lang='lat' dir='ltr'><strong>pro</strong></span> <span class='ocrx_word' id='word_1_58' title='bbox 661 940 780 977; x_wconf 79' lang='lat' dir='ltr'><strong>vitula</strong></span> <span class='ocrx_word' id='word_1_59' title='bbox 807 937 1124 975; x_wconf 72' lang='lat' dir='ltr'><strong>statuis&#39;dulcem</strong></span> <span class='ocrx_word' id='word_1_60' title='bbox 1153 938 1290 974; x_wconf 79' lang='lat' dir='ltr'><em>Aulide</em></span> <span class='ocrx_word' id='word_1_61' title='bbox 1316 942 1447 974; x_wconf 83' lang='lat' dir='ltr'><strong>natam</strong></span> 
     </span>
    </p>

    <p class='ocr_par' dir='ltr' id='par_1_7' title="bbox 345 1008 1637 1198">
     <span class='ocr_line' id='line_1_10' title="bbox 347 1008 1477 1058; baseline -0.004 -10"><span class='ocrx_word' id='word_1_62' title='bbox 347 1012 446 1048; x_wconf 80' lang='lat' dir='ltr'><strong>Ante</strong></span> <span class='ocrx_word' id='word_1_63' title='bbox 474 1021 569 1048; x_wconf 83' lang='lat' dir='ltr'><strong>aras</strong></span> <span class='ocrx_word' id='word_1_64' title='bbox 595 1011 827 1058; x_wconf 73' lang='lat' dir='ltr'><strong>sparyisque</strong></span> <span class='ocrx_word' id='word_1_65' title='bbox 857 1009 957 1045; x_wconf 87' lang='lat' dir='ltr'><strong>mola</strong></span> <span class='ocrx_word' id='word_1_66' title='bbox 985 1014 1124 1055; x_wconf 81' lang='lat' dir='ltr'><strong>caput,</strong></span> <span class='ocrx_word' id='word_1_67' title='bbox 1153 1009 1326 1056; x_wconf 82' lang='lat' dir='ltr'><strong>inprobe,</strong></span> <span class='ocrx_word' id='word_1_68' title='bbox 1358 1008 1477 1051; x_wconf 79' lang='lat' dir='ltr'><strong>salsa,</strong></span> 
     </span>
     <span class='ocr_line' id='line_1_11' title="bbox 345 1079 1637 1127; baseline -0.004 -7"><span class='ocrx_word' id='word_1_69' title='bbox 345 1082 507 1120; x_wconf 81' lang='lat' dir='ltr'><strong>Rectum</strong></span> <span class='ocrx_word' id='word_1_70' title='bbox 533 1082 652 1118; x_wconf 84' lang='lat' dir='ltr'><strong>animi</strong></span> <span class='ocrx_word' id='word_1_71' title='bbox 675 1085 834 1118; x_wconf 78' lang='lat' dir='ltr'><strong>servas?</strong></span> <span class='ocrx_word' id='word_1_72' title='bbox 860 1085 1070 1127; x_wconf 80' lang='lat' dir='ltr'><strong><em>quorsum?</em></strong></span> <span class='ocrx_word' id='word_1_73' title='bbox 1099 1081 1262 1116; x_wconf 79' lang='lat' dir='ltr'><strong>insanus</strong></span> <span class='ocrx_word' id='word_1_74' title='bbox 1288 1080 1381 1127; x_wconf 83' lang='lat' dir='ltr'><strong>quid</strong></span> <span class='ocrx_word' id='word_1_75' title='bbox 1407 1080 1507 1115; x_wconf 86' lang='lat' dir='ltr'><strong>enim</strong></span> <span class='ocrx_word' id='word_1_76' title='bbox 1531 1079 1637 1115; x_wconf 75' lang='lat' dir='ltr'><strong>Aiax</strong></span> 
     </span>
     <span class='ocr_line' id='line_1_12' title="bbox 347 1149 1376 1198; baseline -0.004 -7"><span class='ocrx_word' id='word_1_77' title='bbox 347 1154 466 1198; x_wconf 83' lang='lat' dir='ltr'><strong><em>Fecit,</em></strong></span> <span class='ocrx_word' id='word_1_78' title='bbox 496 1165 582 1190; x_wconf 92' lang='lat' dir='ltr'><strong>cum</strong></span> <span class='ocrx_word' id='word_1_79' title='bbox 608 1151 746 1188; x_wconf 82' lang='lat' dir='ltr'><strong>stravit</strong></span> <span class='ocrx_word' id='word_1_80' title='bbox 772 1149 886 1198; x_wconf 83' lang='lat' dir='ltr'><strong>ferro</strong></span> <span class='ocrx_word' id='word_1_81' title='bbox 909 1157 1059 1197; x_wconf 82' lang='lat' dir='ltr'><strong>pecus?</strong></span> <span class='ocrx_word' id='word_1_82' title='bbox 1094 1152 1275 1188; x_wconf 80' lang='lat' dir='ltr'><strong>abstinuit</strong></span> <span class='ocrx_word' id='word_1_83' title='bbox 1305 1152 1376 1187; x_wconf 85' lang='lat' dir='ltr'><strong>vim</strong></span> 
     </span>
    </p>

    <p class='ocr_par' dir='ltr' id='par_1_8' title="bbox 353 1222 1379 1270">
     <span class='ocr_line' id='line_1_13' title="bbox 353 1222 1379 1270; baseline -0.003 -9"><span class='ocrx_word' id='word_1_84' title='bbox 353 1225 482 1261; x_wconf 80' lang='lat' dir='ltr'><strong>Uxore</strong></span> <span class='ocrx_word' id='word_1_85' title='bbox 510 1226 548 1259; x_wconf 82' lang='lat' dir='ltr'><strong>et</strong></span> <span class='ocrx_word' id='word_1_86' title='bbox 575 1226 704 1270; x_wconf 75' lang='lat' dir='ltr'><strong>qnato,</strong></span> <span class='ocrx_word' id='word_1_87' title='bbox 736 1222 839 1258; x_wconf 88' lang='lat' dir='ltr'><strong>mala</strong></span> <span class='ocrx_word' id='word_1_88' title='bbox 864 1223 983 1259; x_wconf 82' lang='lat' dir='ltr'><strong>mulla</strong></span> <span class='ocrx_word' id='word_1_89' title='bbox 1002 1226 1191 1269; x_wconf 83' lang='lat' dir='ltr'><strong><em>precatus</em></strong></span> <span class='ocrx_word' id='word_1_90' title='bbox 1220 1222 1379 1258; x_wconf 81' lang='lat' dir='ltr'><strong>Atridis.</strong></span> 
     </span>
    </p>
   </div>
   <div class='ocr_carea' id='block_1_5' title="bbox 142 1313 1591 1493">
    <p class='ocr_par' dir='ltr' id='par_1_9' title="bbox 142 1313 1591 1493">
     <span class='ocr_line' id='line_1_14' title="bbox 142 1313 1486 1360; baseline -0.003 -8"><span class='ocrx_word' id='word_1_91' title='bbox 142 1315 197 1352; x_wconf 86' lang='lat' dir='ltr'><strong>Et</strong></span> <span class='ocrx_word' id='word_1_92' title='bbox 225 1327 362 1352; x_wconf 87' lang='lat' dir='ltr'><strong>rursus</strong></span> <span class='ocrx_word' id='word_1_93' title='bbox 388 1328 428 1353; x_wconf 85' lang='lat' dir='ltr'><strong>v.</strong></span> <span class='ocrx_word' id='word_1_94' title='bbox 451 1318 519 1353; x_wconf 83' lang='lat'><strong>211</strong></span> <span class='ocrx_word' id='word_1_95' title='bbox 551 1313 656 1349; x_wconf 71' lang='lat' dir='ltr'><strong>Aiax</strong></span> <span class='ocrx_word' id='word_1_96' title='bbox 684 1324 770 1349; x_wconf 89' lang='lat' dir='ltr'><strong>cum</strong></span> <span class='ocrx_word' id='word_1_97' title='bbox 795 1314 991 1359; x_wconf 76' lang='lat' dir='ltr'><strong>inmeritas</strong></span> <span class='ocrx_word' id='word_1_98' title='bbox 1018 1313 1155 1350; x_wconf 84' lang='lat' dir='ltr'><strong>occidit</strong></span> <span class='ocrx_word' id='word_1_99' title='bbox 1184 1313 1322 1360; x_wconf 81' lang='lat' dir='ltr'><strong><em>desipit</em></strong></span> <span class='ocrx_word' id='word_1_100' title='bbox 1346 1322 1486 1360; x_wconf 74' lang='lat' dir='ltr'><strong>aynos:</strong></span> 
     </span>
     <span class='ocr_line' id='line_1_15' title="bbox 549 1374 1591 1433; baseline -0.001 -12"><span class='ocrx_word' id='word_1_101' title='bbox 549 1374 642 1422; x_wconf 86' lang='lat' dir='ltr'><strong>Cum</strong></span> <span class='ocrx_word' id='word_1_102' title='bbox 669 1384 844 1432; x_wconf 72' lang='lat' dir='ltr'><strong>prudens</strong></span> <span class='ocrx_word' id='word_1_103' title='bbox 871 1384 997 1420; x_wconf 84' lang='lat' dir='ltr'><strong>scelus</strong></span> <span class='ocrx_word' id='word_1_104' title='bbox 1025 1384 1070 1421; x_wconf 86' lang='lat' dir='ltr'><strong>ob</strong></span> <span class='ocrx_word' id='word_1_105' title='bbox 1095 1385 1223 1433; x_wconf 59' lang='lat' dir='ltr'><strong>(italos</strong></span> <span class='ocrx_word' id='word_1_106' title='bbox 1252 1384 1420 1420; x_wconf 80' lang='lat' dir='ltr'><em>admittis</em></span> <span class='ocrx_word' id='word_1_107' title='bbox 1444 1385 1591 1428; x_wconf 85' lang='lat' dir='ltr'><strong>inanes,</strong></span> 
     </span>
     <span class='ocr_line' id='line_1_16' title="bbox 549 1455 822 1493; baseline -0.007 0"><span class='ocrx_word' id='word_1_108' title='bbox 549 1455 640 1493; x_wconf 81' lang='lat' dir='ltr'><strong>Stas</strong></span> <span class='ocrx_word' id='word_1_109' title='bbox 669 1456 822 1492; x_wconf 75' lang='lat' dir='ltr'><strong>animo?</strong></span> 
     </span>
    </p>
   </div>
   <div class='ocr_carea' id='block_1_6' title="bbox 127 1532 1643 1803">
    <p class='ocr_par' dir='ltr' id='par_1_10' title="bbox 127 1532 1643 1803">
     <span class='ocr_line' id='line_1_17' title="bbox 127 1532 1635 1587; baseline -0.002 -12"><span class='ocrx_word' id='word_1_110' title='bbox 127 1535 255 1587; x_wconf 12' lang='lat' dir='ltr'><strong>&#39;Quid</strong></span> <span class='ocrx_word' id='word_1_111' title='bbox 282 1534 409 1586; x_wconf 77' lang='lat' dir='ltr'><strong>ergo?</strong></span> <span class='ocrx_word' id='word_1_112' title='bbox 436 1533 703 1587; x_wconf 77' lang='lat' dir='ltr'><strong>improbabile</strong></span> <span class='ocrx_word' id='word_1_113' title='bbox 731 1532 958 1580; x_wconf 80' lang='lat' dir='ltr'><strong>videbitur,</strong></span> <span class='ocrx_word' id='word_1_114' title='bbox 989 1532 1215 1572; x_wconf 85' lang='lat' dir='ltr'><strong>Varronem</strong></span> <span class='ocrx_word' id='word_1_115' title='bbox 1243 1544 1431 1585; x_wconf 88' lang='lat' dir='ltr'><strong>quoque,</strong></span> <span class='ocrx_word' id='word_1_116' title='bbox 1464 1545 1554 1571; x_wconf 89' lang='lat' dir='ltr'><strong>cum</strong></span> <span class='ocrx_word' id='word_1_117' title='bbox 1584 1532 1635 1572; x_wconf 92' lang='lat' dir='ltr'><strong>de</strong></span> 
     </span>
     <span class='ocr_line' id='line_1_18' title="bbox 143 1602 1643 1656; baseline -0.007 -9"><span class='ocrx_word' id='word_1_118' title='bbox 143 1608 274 1647; x_wconf 83' lang='lat' dir='ltr'><strong>Aiace</strong></span> <span class='ocrx_word' id='word_1_119' title='bbox 305 1605 502 1646; x_wconf 80' lang='lat' dir='ltr'><strong>scriberet</strong></span> <span class='ocrx_word' id='word_1_120' title='bbox 525 1604 597 1643; x_wconf 88' lang='lat' dir='ltr'><strong>illa</strong></span> <span class='ocrx_word' id='word_1_121' title='bbox 628 1602 772 1656; x_wconf 90' lang='lat' dir='ltr'><strong>(XXI)</strong></span> <span class='ocrx_word' id='word_1_122' title='bbox 1641 1602 1643 1604; x_wconf 76' lang='grc'><strong>’</strong></span> 
     </span>
     <span class='ocr_line' id='line_1_19' title="bbox 344 1661 1301 1732; baseline -0.005 -8"><span class='ocrx_word' id='word_1_123' title='bbox 344 1687 449 1724; x_wconf 79' lang='lat' dir='ltr'><strong>Aiax</strong></span> <span class='ocrx_word' id='word_1_124' title='bbox 478 1689 556 1722; x_wconf 84' lang='lat' dir='ltr'><strong>tum</strong></span> <span class='ocrx_word' id='word_1_125' title='bbox 580 1685 703 1722; x_wconf 82' lang='lat' dir='ltr'><strong>credit</strong></span> <span class='ocrx_word' id='word_1_126' title='bbox 729 1683 843 1732; x_wconf 83' lang='lat' dir='ltr'><strong>ferro</strong></span> <span class='ocrx_word' id='word_1_127' title='bbox 868 1694 910 1720; x_wconf 85' lang='lat' dir='ltr'><strong>se</strong></span> <span class='ocrx_word' id='word_1_128' title='bbox 939 1685 1104 1720; x_wconf 86' lang='lat' dir='ltr'><strong>caedere</strong></span> <span class='ocrx_word' id='word_1_129' title='bbox 1139 1661 1301 1728; x_wconf 63' lang='lat' dir='ltr'><strong>Uiiaeem,</strong></span> 
     </span>
     <span class='ocr_line' id='line_1_20' title="bbox 345 1756 1359 1803; baseline -0.004 -8"><span class='ocrx_word' id='word_1_130' title='bbox 345 1757 437 1795; x_wconf 84' lang='lat' dir='ltr'><strong>Cum</strong></span> <span class='ocrx_word' id='word_1_131' title='bbox 461 1757 596 1794; x_wconf 85' lang='lat' dir='ltr'><strong>baculo</strong></span> <span class='ocrx_word' id='word_1_132' title='bbox 623 1756 749 1792; x_wconf 82' lang='lat' dir='ltr'><strong>caedit</strong></span> <span class='ocrx_word' id='word_1_133' title='bbox 773 1756 907 1792; x_wconf 81' lang='lat' dir='ltr'><strong>silvam</strong></span> <span class='ocrx_word' id='word_1_134' title='bbox 931 1765 1148 1803; x_wconf 81' lang='lat' dir='ltr'><strong>porcosque</strong></span> <span class='ocrx_word' id='word_1_135' title='bbox 1177 1756 1359 1799; x_wconf 79' lang='lat' dir='ltr'><strong>trucidat,</strong></span> 
     </span>
    </p>
   </div>
   <div class='ocr_carea' id='block_1_7' title="bbox 137 1840 1682 2828">
    <p class='ocr_par' dir='ltr' id='par_1_11' title="bbox 139 1840 1633 2027">
     <span class='ocr_line' id='line_1_21' title="bbox 139 1840 1633 1903; baseline -0.002 -17"><span class='ocrx_word' id='word_1_136' title='bbox 139 1848 233 1886; x_wconf 89' lang='lat' dir='ltr'><strong>huic</strong></span> <span class='ocrx_word' id='word_1_137' title='bbox 261 1840 387 1885; x_wconf 76' lang='lat' dir='ltr'><strong>furori</strong></span> <span class='ocrx_word' id='word_1_138' title='bbox 416 1845 655 1903; x_wconf 79' lang='lat' dir='ltr'><strong>opposuisse</strong></span> <span class='ocrx_word' id='word_1_139' title='bbox 683 1844 858 1884; x_wconf 81' lang='lat' dir='ltr'><strong>alterum</strong></span> <span class='ocrx_word' id='word_1_140' title='bbox 885 1845 1100 1892; x_wconf 84' lang='lat' dir='ltr'><strong>maiorem,</strong></span> <span class='ocrx_word' id='word_1_141' title='bbox 1140 1857 1219 1897; x_wconf 93' lang='lat' dir='ltr'><strong>quo</strong></span> <span class='ocrx_word' id='word_1_142' title='bbox 1249 1844 1339 1896; x_wconf 87' lang='lat' dir='ltr'><strong>quis</strong></span> <span class='ocrx_word' id='word_1_143' title='bbox 1370 1857 1471 1883; x_wconf 86' lang='lat' dir='ltr'><strong>sana</strong></span> <span class='ocrx_word' id='word_1_144' title='bbox 1496 1850 1633 1883; x_wconf 85' lang='lat' dir='ltr'><strong>mente</strong></span> 
     </span>
     <span class='ocr_line' id='line_1_22' title="bbox 141 1915 1631 1968; baseline -0.002 -12"><span class='ocrx_word' id='word_1_145' title='bbox 141 1918 256 1956; x_wconf 85' lang='lat' dir='ltr'><strong>uxori</strong></span> <span class='ocrx_word' id='word_1_146' title='bbox 286 1917 354 1956; x_wconf 88' lang='lat' dir='ltr'><strong>vel</strong></span> <span class='ocrx_word' id='word_1_147' title='bbox 383 1922 506 1968; x_wconf 84' lang='lat' dir='ltr'><strong>gnato</strong></span> <span class='ocrx_word' id='word_1_148' title='bbox 531 1929 674 1956; x_wconf 88' lang='lat' dir='ltr'><strong>manus</strong></span> <span class='ocrx_word' id='word_1_149' title='bbox 702 1915 886 1964; x_wconf 86' lang='lat' dir='ltr'><strong>inferret,</strong></span> <span class='ocrx_word' id='word_1_150' title='bbox 917 1929 995 1955; x_wconf 88' lang='lat' dir='ltr'><strong>nec</strong></span> <span class='ocrx_word' id='word_1_151' title='bbox 1025 1919 1162 1955; x_wconf 83' lang='lat' dir='ltr'><strong>tamen</strong></span> <span class='ocrx_word' id='word_1_152' title='bbox 1191 1929 1216 1954; x_wconf 95' lang='lat' dir='ltr'><strong>a</strong></span> <span class='ocrx_word' id='word_1_153' title='bbox 1236 1928 1439 1968; x_wconf 85' lang='lat' dir='ltr'><strong>quoquam</strong></span> <span class='ocrx_word' id='word_1_154' title='bbox 1462 1916 1631 1954; x_wconf 86' lang='lat' dir='ltr'><strong>insanus</strong></span> 
     </span>
     <span class='ocr_line' id='line_1_23' title="bbox 139 1987 389 2027; baseline 0.004 -1"><span class='ocrx_word' id='word_1_155' title='bbox 139 1987 389 2027; x_wconf 78' lang='lat' dir='ltr'><strong>haberetur?</strong></span> 
     </span>
    </p>

    <p class='ocr_par' dir='ltr' id='par_1_12' title="bbox 137 2052 1682 2395">
     <span class='ocr_line' id='line_1_24' title="bbox 252 2052 1631 2110; baseline -0.004 -12"><span class='ocrx_word' id='word_1_156' title='bbox 252 2060 350 2099; x_wconf 83' lang='lat' dir='ltr'><strong>Fuit</strong></span> <span class='ocrx_word' id='word_1_157' title='bbox 385 2059 464 2098; x_wconf 89' lang='lat' dir='ltr'><strong>hoc</strong></span> <span class='ocrx_word' id='word_1_158' title='bbox 499 2057 550 2097; x_wconf 89' lang='lat' dir='ltr'><strong>ab</strong></span> <span class='ocrx_word' id='word_1_159' title='bbox 577 2058 718 2097; x_wconf 86' lang='lat' dir='ltr'><strong>Aiacis</strong></span> <span class='ocrx_word' id='word_1_160' title='bbox 750 2057 888 2095; x_wconf 84' lang='lat' dir='ltr'><strong>furore</strong></span> <span class='ocrx_word' id='word_1_161' title='bbox 919 2058 1090 2108; x_wconf 88' lang='lat' dir='ltr'><strong>petitum</strong></span> <span class='ocrx_word' id='word_1_162' title='bbox 1117 2052 1351 2110; x_wconf 36' lang='lat' dir='ltr'><strong>exemplum*</strong></span> <span class='ocrx_word' id='word_1_163' title='bbox 1381 2068 1631 2108; x_wconf 90' lang='lat' dir='ltr'><strong>percommo-</strong></span> 
     </span>
     <span class='ocr_line' id='line_1_25' title="bbox 139 2113 1654 2179; baseline -0.004 -8"><span class='ocrx_word' id='word_1_164' title='bbox 139 2132 234 2171; x_wconf 87' lang='lat' dir='ltr'><strong>dum</strong></span> <span class='ocrx_word' id='word_1_165' title='bbox 270 2132 313 2169; x_wconf 94' lang='lat' dir='ltr'><strong>in</strong></span> <span class='ocrx_word' id='word_1_166' title='bbox 345 2130 453 2169; x_wconf 86' lang='lat' dir='ltr'><strong>hunc</strong></span> <span class='ocrx_word' id='word_1_167' title='bbox 481 2142 618 2174; x_wconf 88' lang='lat' dir='ltr'><strong>usum,</strong></span> <span class='ocrx_word' id='word_1_168' title='bbox 651 2141 729 2167; x_wconf 88' lang='lat' dir='ltr'><strong>nec</strong></span> <span class='ocrx_word' id='word_1_169' title='bbox 761 2126 1031 2179; x_wconf 85' lang='lat' dir='ltr'><strong>improbabile</strong></span> <span class='ocrx_word' id='word_1_170' title='bbox 1060 2127 1162 2166; x_wconf 90' lang='lat' dir='ltr'><strong>illud</strong></span> <span class='ocrx_word' id='word_1_171' title='bbox 1198 2127 1317 2166; x_wconf 91' lang='lat' dir='ltr'><strong>simul</strong></span> <span class='ocrx_word' id='word_1_172' title='bbox 1342 2141 1433 2166; x_wconf 92' lang='lat' dir='ltr'><strong>cum</strong></span> <span class='ocrx_word' id='word_1_173' title='bbox 1465 2113 1654 2166; x_wconf 21' lang='lat' dir='ltr'><strong>decreto*</strong></span> 
     </span>
     <span class='ocr_line' id='line_1_26' title="bbox 137 2197 1630 2249; baseline -0.001 -9"><span class='ocrx_word' id='word_1_174' title='bbox 137 2203 237 2249; x_wconf 86' lang='lat' dir='ltr'><strong>isto,</strong></span> <span class='ocrx_word' id='word_1_175' title='bbox 275 2213 415 2239; x_wconf 89' lang='lat' dir='ltr'><strong>omnes</strong></span> <span class='ocrx_word' id='word_1_176' title='bbox 446 2199 591 2238; x_wconf 88' lang='lat' dir='ltr'><strong>stultos</strong></span> <span class='ocrx_word' id='word_1_177' title='bbox 618 2197 816 2245; x_wconf 76' lang='lat' dir='ltr'><strong>insanire,</strong></span> <span class='ocrx_word' id='word_1_178' title='bbox 856 2197 1027 2236; x_wconf 81' lang='lat' dir='ltr'><strong>multum</strong></span> <span class='ocrx_word' id='word_1_179' title='bbox 1055 2198 1097 2236; x_wconf 91' lang='lat' dir='ltr'><strong>in</strong></span> <span class='ocrx_word' id='word_1_180' title='bbox 1126 2200 1344 2238; x_wconf 85' lang='lat' dir='ltr'><strong>stoicorum</strong></span> <span class='ocrx_word' id='word_1_181' title='bbox 1375 2199 1526 2238; x_wconf 88' lang='lat' dir='ltr'><strong>scholis</strong></span> <span class='ocrx_word' id='word_1_182' title='bbox 1559 2199 1630 2238; x_wconf 88' lang='lat' dir='ltr'><strong>de-</strong></span> 
     </span>
     <span class='ocr_line' id='line_1_27' title="bbox 140 2264 1682 2323; baseline -0.002 -12"><span class='ocrx_word' id='word_1_183' title='bbox 140 2277 344 2311; x_wconf 84' lang='lat' dir='ltr'><strong>cantatum</strong></span> <span class='ocrx_word' id='word_1_184' title='bbox 374 2283 479 2317; x_wconf 88' lang='lat' dir='ltr'><strong>esse,</strong></span> <span class='ocrx_word' id='word_1_185' title='bbox 506 2275 552 2308; x_wconf 85' lang='lat' dir='ltr'><strong>ut</strong></span> <span class='ocrx_word' id='word_1_186' title='bbox 577 2268 750 2307; x_wconf 86' lang='lat' dir='ltr'><strong>alterum</strong></span> <span class='ocrx_word' id='word_1_187' title='bbox 781 2268 884 2307; x_wconf 86' lang='lat' dir='ltr'><strong>illud</strong></span> <span class='ocrx_word' id='word_1_188' title='bbox 908 2268 960 2308; x_wconf 87' lang='lat' dir='ltr'><strong>de</strong></span> <span class='ocrx_word' id='word_1_189' title='bbox 992 2268 1140 2309; x_wconf 86' lang='lat' dir='ltr'><strong>Oreste</strong></span> <span class='ocrx_word' id='word_1_190' title='bbox 1160 2270 1294 2309; x_wconf 86' lang='lat' dir='ltr'><strong>Furiis</strong></span> <span class='ocrx_word' id='word_1_191' title='bbox 1323 2271 1490 2322; x_wconf 83' lang='lat' dir='ltr'><strong>agitato,</strong></span> <span class='ocrx_word' id='word_1_192' title='bbox 1522 2270 1631 2323; x_wconf 87' lang='lat' dir='ltr'><strong>quod</strong></span> <span class='ocrx_word' id='word_1_193' title='bbox 1680 2264 1682 2266; x_wconf 45' lang='grc'><strong><em>’</em></strong></span> 
     </span>
     <span class='ocr_line' id='line_1_28' title="bbox 140 2338 1215 2395; baseline -0.003 -13"><span class='ocrx_word' id='word_1_194' title='bbox 140 2350 180 2382; x_wconf 87' lang='lat' dir='ltr'><strong>et</strong></span> <span class='ocrx_word' id='word_1_195' title='bbox 203 2343 336 2395; x_wconf 88' lang='lat' dir='ltr'><strong>ipsum</strong></span> <span class='ocrx_word' id='word_1_196' title='bbox 365 2341 417 2380; x_wconf 88' lang='lat' dir='ltr'><strong>ab</strong></span> <span class='ocrx_word' id='word_1_197' title='bbox 449 2340 620 2379; x_wconf 85' lang='lat' dir='ltr'><strong>Horatio</strong></span> <span class='ocrx_word' id='word_1_198' title='bbox 652 2339 867 2379; x_wconf 85' lang='lat' dir='ltr'><strong>adhibetur</strong></span> <span class='ocrx_word' id='word_1_199' title='bbox 897 2338 955 2391; x_wconf 88' lang='lat' dir='ltr'><strong>(v.</strong></span> <span class='ocrx_word' id='word_1_200' title='bbox 987 2347 1055 2382; x_wconf 78' lang='lat'><strong>128</strong></span> <span class='ocrx_word' id='word_1_201' title='bbox 1085 2340 1215 2394; x_wconf 87' lang='lat' dir='ltr'><strong>sqq.):</strong></span> 
     </span>
    </p>

    <p class='ocr_par' dir='ltr' id='par_1_13' title="bbox 339 2422 1627 2828">
     <span class='ocr_line' id='line_1_29' title="bbox 878 2422 1453 2469; baseline 0.003 -11"><span class='ocrx_word' id='word_1_202' title='bbox 878 2422 1062 2469; x_wconf 80' lang='lat' dir='ltr'><strong>populum</strong></span> <span class='ocrx_word' id='word_1_203' title='bbox 1092 2424 1127 2458; x_wconf 77' lang='lat' dir='ltr'><strong>si</strong></span> <span class='ocrx_word' id='word_1_204' title='bbox 1150 2423 1314 2460; x_wconf 85' lang='lat' dir='ltr'><strong>caedere</strong></span> <span class='ocrx_word' id='word_1_205' title='bbox 1340 2423 1453 2460; x_wconf 78' lang='lat' dir='ltr'><strong>saxis</strong></span> 
     </span>
     <span class='ocr_line' id='line_1_30' title="bbox 339 2493 1253 2541; baseline -0.001 -11"><span class='ocrx_word' id='word_1_206' title='bbox 339 2493 513 2541; x_wconf 78' lang='lat' dir='ltr'><strong>Incipias</strong></span> <span class='ocrx_word' id='word_1_207' title='bbox 540 2501 717 2529; x_wconf 81' lang='lat' dir='ltr'><strong>servosve</strong></span> <span class='ocrx_word' id='word_1_208' title='bbox 746 2495 810 2529; x_wconf 76' lang='lat' dir='ltr'><strong>tuo</strong></span> <span class='ocrx_word' id='word_1_209' title='bbox 837 2503 934 2540; x_wconf 78' lang='lat' dir='ltr'><strong>quos</strong></span> <span class='ocrx_word' id='word_1_210' title='bbox 963 2502 1054 2529; x_wconf 85' lang='lat' dir='ltr'><strong>aere</strong></span> <span class='ocrx_word' id='word_1_211' title='bbox 1077 2494 1253 2540; x_wconf 81' lang='lat' dir='ltr'><strong>pararis,</strong></span> 
     </span>
     <span class='ocr_line' id='line_1_31' title="bbox 342 2564 1356 2612; baseline 0 -11"><span class='ocrx_word' id='word_1_212' title='bbox 342 2564 529 2601; x_wconf 78' lang='lat' dir='ltr'><strong>Insanum</strong></span> <span class='ocrx_word' id='word_1_213' title='bbox 555 2566 592 2600; x_wconf 80' lang='lat' dir='ltr'><strong>te</strong></span> <span class='ocrx_word' id='word_1_214' title='bbox 621 2573 751 2600; x_wconf 82' lang='lat' dir='ltr'><strong>omnes</strong></span> <span class='ocrx_word' id='word_1_215' title='bbox 770 2565 890 2611; x_wconf 82' lang='lat' dir='ltr'><strong>pueri</strong></span> <span class='ocrx_word' id='word_1_216' title='bbox 915 2565 1153 2612; x_wconf 80' lang='lat' dir='ltr'><strong>clamentque</strong></span> <span class='ocrx_word' id='word_1_217' title='bbox 1180 2565 1356 2611; x_wconf 83' lang='lat' dir='ltr'><strong>puellae.-</strong></span> 
     </span>
     <span class='ocr_line' id='line_1_32' title="bbox 339 2635 1455 2684; baseline 0.001 -12"><span class='ocrx_word' id='word_1_218' title='bbox 339 2635 431 2672; x_wconf 85' lang='lat' dir='ltr'><strong>Cum</strong></span> <span class='ocrx_word' id='word_1_219' title='bbox 459 2636 594 2683; x_wconf 78' lang='lat' dir='ltr'><strong>laqueo</strong></span> <span class='ocrx_word' id='word_1_220' title='bbox 622 2644 784 2671; x_wconf 78' lang='lat' dir='ltr'><strong>uxorem</strong></span> <span class='ocrx_word' id='word_1_221' title='bbox 813 2635 999 2672; x_wconf 80' lang='lat' dir='ltr'><strong>interimis</strong></span> <span class='ocrx_word' id='word_1_222' title='bbox 1027 2638 1264 2684; x_wconf 79' lang='lat' dir='ltr'><strong>matremque</strong></span> <span class='ocrx_word' id='word_1_223' title='bbox 1293 2646 1455 2681; x_wconf 87' lang='lat' dir='ltr'><strong>veneno,</strong></span> 
     </span>
     <span class='ocr_line' id='line_1_33' title="bbox 339 2706 1627 2755; baseline -0.001 -11"><span class='ocrx_word' id='word_1_224' title='bbox 339 2707 528 2744; x_wconf 86' lang='lat' dir='ltr'><strong>Incolumi</strong></span> <span class='ocrx_word' id='word_1_225' title='bbox 550 2707 677 2754; x_wconf 74' lang='lat' dir='ltr'><strong>capite</strong></span> <span class='ocrx_word' id='word_1_226' title='bbox 705 2711 770 2742; x_wconf 79' lang='lat' dir='ltr'><strong>es?</strong></span> <span class='ocrx_word' id='word_1_227' title='bbox 812 2707 905 2753; x_wconf 81' lang='lat' dir='ltr'><strong>quid</strong></span> <span class='ocrx_word' id='word_1_228' title='bbox 920 2707 1045 2743; x_wconf 82' lang='lat' dir='ltr'><strong>enim?</strong></span> <span class='ocrx_word' id='word_1_229' title='bbox 1078 2717 1200 2754; x_wconf 84' lang='lat' dir='ltr'><strong>neque</strong></span> <span class='ocrx_word' id='word_1_230' title='bbox 1224 2712 1264 2744; x_wconf 83' lang='lat' dir='ltr'><strong>tu</strong></span> <span class='ocrx_word' id='word_1_231' title='bbox 1283 2708 1355 2744; x_wconf 77' lang='lat' dir='ltr'><strong>hoc</strong></span> <span class='ocrx_word' id='word_1_232' title='bbox 1375 2706 1479 2754; x_wconf 79' lang='lat' dir='ltr'><strong>facis</strong></span> <span class='ocrx_word' id='word_1_233' title='bbox 1501 2708 1627 2755; x_wconf 74' lang='lat' dir='ltr'><strong>Aryis,</strong></span> 
     </span>
     <span class='ocr_line' id='line_1_34' title="bbox 339 2776 1626 2828; baseline 0.001 -14"><span class='ocrx_word' id='word_1_234' title='bbox 339 2778 419 2815; x_wconf 88' lang='lat' dir='ltr'><strong>Nec</strong></span> <span class='ocrx_word' id='word_1_235' title='bbox 445 2776 558 2825; x_wconf 82' lang='lat' dir='ltr'><strong>ferro</strong></span> <span class='ocrx_word' id='word_1_236' title='bbox 587 2780 630 2814; x_wconf 80' lang='lat' dir='ltr'><strong>ut</strong></span> <span class='ocrx_word' id='word_1_237' title='bbox 658 2777 813 2813; x_wconf 75' lang='lat' dir='ltr'><strong>demens</strong></span> <span class='ocrx_word' id='word_1_238' title='bbox 838 2778 1067 2824; x_wconf 73' lang='lat' dir='ltr'><strong>yenetricem</strong></span> <span class='ocrx_word' id='word_1_239' title='bbox 1097 2779 1237 2815; x_wconf 84' lang='lat' dir='ltr'><strong>occidis</strong></span> <span class='ocrx_word' id='word_1_240' title='bbox 1270 2778 1424 2815; x_wconf 83' lang='lat' dir='ltr'><strong>Orestes</strong></span> <span class='ocrx_word' id='word_1_241' title='bbox 1459 2790 1495 2815; x_wconf 88' lang='lat' dir='ltr'><strong>e.</strong></span> <span class='ocrx_word' id='word_1_242' title='bbox 1528 2790 1567 2828; x_wconf 93' lang='lat' dir='ltr'><strong>q.</strong></span> <span class='ocrx_word' id='word_1_243' title='bbox 1592 2790 1626 2815; x_wconf 88' lang='lat' dir='ltr'><strong>s.</strong></span> 
     </span>
    </p>
   </div>
   <div class='ocr_carea' id='block_1_8' title="bbox 93 2852 1624 2989">
    <p class='ocr_par' dir='ltr' id='par_1_14' title="bbox 93 2852 1624 2989">
     <span class='ocr_line' id='line_1_35' title="bbox 93 2852 1624 2920; baseline -0.001 -13"><span class='ocrx_word' id='word_1_244' title='bbox 93 2885 102 2889; x_wconf 77' lang='grc'><strong>-</strong></span> <span class='ocrx_word' id='word_1_245' title='bbox 136 2868 362 2920; x_wconf 90' lang='lat' dir='ltr'><strong>Utrumque</strong></span> <span class='ocrx_word' id='word_1_246' title='bbox 397 2852 627 2918; x_wconf 86' lang='lat' dir='ltr'><strong>exemplum</strong></span> <span class='ocrx_word' id='word_1_247' title='bbox 662 2870 702 2904; x_wconf 86' lang='lat' dir='ltr'><strong>et</strong></span> <span class='ocrx_word' id='word_1_248' title='bbox 735 2864 874 2903; x_wconf 83' lang='lat' dir='ltr'><strong>Aiacis</strong></span> <span class='ocrx_word' id='word_1_249' title='bbox 901 2871 943 2904; x_wconf 90' lang='lat' dir='ltr'><strong>et</strong></span> <span class='ocrx_word' id='word_1_250' title='bbox 975 2865 1134 2906; x_wconf 85' lang='lat' dir='ltr'><strong>Orestis</strong></span> <span class='ocrx_word' id='word_1_251' title='bbox 1165 2880 1246 2905; x_wconf 89' lang='lat' dir='ltr'><strong>non</strong></span> <span class='ocrx_word' id='word_1_252' title='bbox 1275 2866 1462 2906; x_wconf 79' lang='lat' dir='ltr'><strong>dissimili</strong></span> <span class='ocrx_word' id='word_1_253' title='bbox 1494 2867 1624 2905; x_wconf 89' lang='lat' dir='ltr'><strong>consi-</strong></span> 
     </span>
     <span class='ocr_line' id='line_1_36' title="bbox 136 2936 1006 2989; baseline 0 -13"><span class='ocrx_word' id='word_1_254' title='bbox 136 2937 191 2976; x_wconf 90' lang='lat' dir='ltr'><strong>lio</strong></span> <span class='ocrx_word' id='word_1_255' title='bbox 220 2937 428 2977; x_wconf 85' lang='lat' dir='ltr'><strong>Iuvenalis</strong></span> <span class='ocrx_word' id='word_1_256' title='bbox 459 2937 683 2989; x_wconf 87' lang='lat' dir='ltr'><strong>composuit</strong></span> <span class='ocrx_word' id='word_1_257' title='bbox 712 2936 818 2976; x_wconf 90' lang='lat' dir='ltr'><strong>XIV</strong></span> <span class='ocrx_word' id='word_1_258' title='bbox 846 2941 917 2978; x_wconf 76' lang='lat'><strong>284</strong></span> <span class='ocrx_word' id='word_1_259' title='bbox 945 2950 1006 2989; x_wconf 87' lang='lat' dir='ltr'><strong>sq.</strong></span> 
     </span>
    </p>
   </div>
  </div>
 </body>
</html>
