1898 3236
278 220 356 259 140
845 229 1184 259 οοΝιΕοΤΑΝΕΑ.

276 334 420 372 mulat:
458 348 554 381 vos,
591 335 657 386 qui
696 334 804 372 docti
836 335 954 382 estis,
993 320 1136 373 misso‘s
1167 336 1288 374 facite
1321 335 1463 374 stultos
1494 336 1592 374 istos
1619 341 1660 375 et
1683 340 1753 377 nu-

275 406 452 456 gatorios
483 405 805 443 calumniatores.
866 405 914 443 In
943 403 1056 443 libris
1085 419 1124 457 p.
1153 411 1210 452 70,
1245 413 1286 446 10
1320 413 1382 445 est
1406 410 1487 455 ipse
1511 411 1620 456 sistis,
1649 408 1756 447 unde

277 476 462 526 Scaliger
508 477 549 514 in
597 472 809 514 catalectis
842 491 880 529 p.
916 482 986 516 208
1032 478 1208 524 clepsistis
1241 479 1433 526 coniecit,
1483 477 1604 531 atque
1643 493 1758 518 omne

277 547 558 596 fragmentum,
591 547 698 599 quod
727 561 749 586 e
779 549 997 597 Maryopoli
1022 545 1112 600 περὶ
1137 539 1260 598 ἀρχῆς
1290 548 1399 595 citat,
1431 548 1508 587 hoc
1539 548 1657 586 modo
1688 548 1780 587 de-.

278 617 461 669 scripsit:

680 691 886 737 Depsistis‚
917 692 1030 727 dicite
1054 692 1214 727 labdae?

689 759 813 797 Victos
841 762 1063 796 contemnite
1089 762 1181 798 vivi:
1211 773 1288 798 an-

681 832 834 877 ticipate
858 835 971 878 atque
1001 833 1127 875 addite
1156 834 1299 869 calcar.

684 902 825 938 Stultos
857 904 1080 939 contemnite
1110 905 1219 940 docti.

277 1015 407 1053 Veros
446 1027 632 1051 numeros
671 1012 721 1051 G.
753 1013 1010 1051 Hermannus
1042 1014 1215 1052 restituit
1252 1015 1293 1052 in
1324 999 1532 1053 elementis
1569 1013 1604 1052 d.
1637 1028 1689 1053 m.
1719 1028 1759 1066 p.

277 1090 381 1131 411,ι
417 1083 484 1122 ubi
517 1087 765 1131 persensistis
802 1083 941 1122 scribit
976 1085 1115 1131 initio,
1154 1084 1490 1135 quemadmodum
1530 1098 1579 1123 ex
1609 1085 1761 1123 Aldina

277 1153 521 1203 vulgabatur
541 1156 722 1191 sensistis.
782 1154 882 1192 Mihi
910 1154 1048 1204 placet
1075 1153 1242 1192 Oehleri
1274 1154 1522 1193 emendatio:
1560 1157 1654 1203 ipsis
1681 1158 1762 1193 istis

279 1223 363 1273 (vel
403 1226 519 1272 ipseis
554 1226 662 1271 istis).
724 1225 877 1261 Labclae
920 1222 1001 1273 (sic
1042 1225 1148 1262 enim
1186 1229 1297 1261 recte
1338 1208 1543 1263 emendari
1585 1231 1680 1276 puto
1719 1226 1762 1264 id

278 1294 385 1346 quod
416 1295 456 1332 in
485 1293 598 1332 libris
631 1300 693 1333 cst
720 1296 892 1343 labdeae)
919 1294 987 1346 qui
1018 1295 1098 1332 sint
1129 1294 1313 1345 Scaliger
1341 1280 1590 1344 significat-l.
1623 1309 1657 1334 c.
1705 1296 1762 1335 At

277 1366 343 1403 hie
380 1379 459 1403 non
488 1365 650 1417 propria
681 1378 727 1403 ac
756 1365 960 1417 primitiva
989 1365 1048 1412 vi,
1090 1378 1194 1417 quae
1222 1370 1284 1403 est
1314 1364 1508 1413 obscena,
1536 1369 1671 1405 labdone
1702 1367 1759 1405 di-

279 1441 436 1483 cuntur,
468 1435 542 1474 sed
571 1436 610 1473 in
642 1440 911 1487 contemptum
941 1437 1111 1474 vertitur
1134 1449 1214 1473 vox
1241 1436 1365 1486 turpis
1396 1448 1443 1473 eo
1472 1449 1566 1482 usu,
1599 1450 1678 1489 quo
1709 1440 1762 1474 iru

278 1513 453 1546 rumator
488 1513 528 1545 et
566 1505 711 1544 similia
745 1505 851 1556 apud
883 1506 1104 1545 Catullum:
1146 1505 1279 1558 quode
1315 1504 1409 1543 vide
1441 1506 1691 1557 Scaligerum
1719 1507 1761 1545 in

280 1579 484 1618 Catullum
514 1592 552 1629 p.
578 1585 631 1618 ll.
653 1583 694 1616 21
720 1578 773 1615 al.
823 1580 975 1615 Labdac
1002 1577 1214 1615 vocativus
1248 1582 1320 1623 est,
1354 1591 1378 1614 a
1404 1579 1515 1615 dicite
1541 1590 1760 1629 suspensus

279 1655 322 1687 ut
347 1651 388 1687 in
409 1647 546 1687 Ovidii
578 1661 757 1686 amorum
787 1649 807 1686 I
828 1654 863 1695 7,
894 1655 956 1689 19:
999 1649 1089 1694 Quis
1120 1649 1212 1685 mihi
1239 1661 1313 1686 non
1343 1648 1542 1693 ‘demens’‚
1574 1650 1658 1696 quis
1687 1662 1762 1686 non

279 1722 371 1758 mihi
401 1718 597 1757 ‘barbare'
637 1719 763 1755 dixit?
806 1732 830 1755 a
859 1731 936 1769 quo
968 1731 1043 1755 usu
1073 1724 1206 1756 tamen
1238 1718 1526 1757 alienissimum
1556 1714 1647 1757 esse
1676 1719 1760 1757 Ho-

280 1791 371 1829 ratii
400 1802 562 1828 versum
595 1801 715 1826 carm.
746 1788 789 1825 II
816 1795 874 1835 20,
906 1795 927 1829 6
958 1802 1033 1826 non
1063 1801 1129 1837 eqo
1159 1802 1269 1837 quem
1300 1804 1412 1829 vocas
1440 1792 1583 1835 Dilecte
1613 1791 1763 1827 Maeee-
1826 1810 1839 1818 ·

282 1873 353 1899 nas
383 1860 503 1899 etiam
533 1864 627 1911 post
655 1860 862 1897 novissimi
900 1859 1064 1897 editoris
1099 1859 1399 1899 adnotationem
1430 1860 1577 1898 iudico.
1641 1862 1765 1898 Victos

281 1924 389 1984 quod
435 1930 619 1980 Scaliger
661 1934 700 1966 et
745 1929 813 1981 qui
859 1930 994 1977 illum,
1036 1936 1079 1968 ut
1105 1944 1323 1982 persaepe,
1365 1932 1545 1983 sequitur
1582 1932 1761 1970 Lauren-

282 1984 444 2052 bergius
482 2002 522 2039 in
559 1999 800 2051 Antiquario
838 2014 868 2038 s.
900 2015 938 2039 v.
971 2000 1119 2039 labdae
1148 2016 1187 2053 p.
1224 2007 1291 2042 ⁶245
1332 2001 1510 2040 scribunt
1544 2015 1615 2052 pro
1650 2006 1761 2048 vivos,

280 2073 400 2111 video
441 2074 508 2125 qui
547 2071 677 2122 accipi
713 2071 859 2122 possit,
899 2084 975 2109 nec
1007 2077 1141 2110 tamen
1182 2071 1346 2110 discedo
1385 2071 1435 2109 de
1461 2072 1648 2123 vulgata,
1682 2087 1763 2125 qua

283 2144 379 2181 mihi
410 2148 503 2194 apte
535 2142 615 2180 dici
645 2141 822 2179 videtur:
863 2140 955 2179 dum
993 2143 1127 2180 vivitis
1164 2143 1341 2194 spernite
1371 2143 1470 2181 istos
1503 2144 1570 2194 qui
1600 2144 1762 2182 vivunt:

283 2213 350 2251 ubi
383 2213 509 2251 semel
534 2213 714 2264 utrisque
746 2211 920 2250 eundum
942 2218 1003 2250 est
1022 2212 1130 2259 illuc,
1162 2213 1269 2251 unde
1295 2219 1448 2263 negant
1471 2214 1604 2252 redire
1625 2228 1761 2266 quem-

262 2294 424 2335 ·quam‚
454 2290 586 2322 actum
619 2288 693 2320 est.
754 2283 943 2333 Denique
970 2282 1074 2320 haec
1102 2270 1308 2332 anticipata
1340 2290 1452 2332 atque
1480 2287 1605 2330 addite
1632 2288 1764 2322 calcar

280 2354 357 2391 hoc
396 2367 517 2392 sensu
557 2355 793 2392 efferuntur:
835 2355 956 2392 citato
996 2350 1114 2393 cursu
1151 2355 1398 2406 'praecurrite
1433 2355 1531 2392 istos
1562 2367 1610 2392 ac
1642 2354 1762 2393 relin-

281 2424 391 2475 quite
419 2423 570 2464 tardos,

394 2517 570 2555 Tantum
603 2523 664 2555 est
691 2517 1024 2567 fragmentorum,
1057 2531 1160 2569 quae
1191 2531 1279 2555 cum
1314 2518 1450 2569 aliqua
1478 2516 1767 2569 probabilitate

284 2586 336 2624 ad
373 2587 548 2638 priorem
586 2600 714 2639 quam·
752 2588 882 2625 animo
922 2587 1134 2625 informavi
1174 2593 1333 2625 saturae
1364 2594 1518 2639 partem
1548 2588 1764 2627 referenda

286 2657 394 2696 duxi.
443 2657 564 2708 Quod
594 2671 691 2696 vero
717 2659 853 2697 -Varro
884 2658 924 2694 in
953 2658 1098 2695 saturis
1129 2658 1250 2696 etiam
1271 2657 1323 2696 ad
1343 2671 1504 2696 suarum
1524 2665 1760 2706 saturarum,

284 2742 403 2779 quam
433 2728 628 2780 peculiari
657 2727 796 2767 libello
826 2732 1062 2778 persecutus
1090 2733 1188 2776 erat,
1221 2728 1548 2780 compositionem
1570 2727 1761 2777 deflectit,

287 2800 477 2837 convenit
511 2799 748 2851 praesertim
785 2796 879 2835 huic
923 2797 1146 2836 litterarum
1183 2799 1323 2848 generi
1361 2811 1436 2836 nec
1473 2798 1602 2835 minus
1641 2811 1761 2848 quam

283 2868 427 2906 iisdem
465 2875 504 2907 et
540 2869 733 2908 musicam
774 2875 814 2908 et
850 2882 1103 2907 numerorum
1131 2863 1373 2920 dicendique
1400 2873 1547 2917 artem,
1587 2866 1760 2921 denique
