1898 3236
790 220 1135 254 comacmnm.
1632 211 1710 252 195

221 333 318 368 illud
344 333 390 368 de
424 331 610 368 Varronis
637 335 775 367 satura
799 331 1046 378 proverbium
1071 320 1115 366 τὸ
1145 323 1208 364 ἐπὶ
1237 325 1288 380 τῇ
1315 324 1428 380 φακῇ
1449 317 1590 376 μύρον,
1607 338 1708 377 —pro-

222 401 363 440 verbio
391 401 538 448 utitur,
570 399 873 450 inscriptionem
905 404 1070 438 saturae
1098 412 1180 437 non
1210 397 1386 436 curavit:
1417 408 1494 434 nec
1527 402 1589 434 est
1617 409 1708 448 pro-

220 473 328 511 fecto
367 472 476 524 quod
513 483 563 510 ea
600 484 651 509 ex
688 468 823 508 indice
858 476 1021 509 saturae
1063 474 1223 522 sumpta
1253 467 1550 515 existimemus,
1589 480 1709 520 quem

218 543 376 583 Nonius
414 543 534 595 plene
574 542 616 579 in
653 541 759 579 hunc
797 541 959 579 modum
999 539 1159 581 citavit:
1199 532 1243 578 τὸ
1273 535 1336 577 ἐπὶ
1366 537 1418 592 τῇ
1443 539 1556 593 φακῇ
1583 533 1710 589 μύρον

217 611 307 666 περὶ
326 604 550 665 εὖετηρίαςε
580 611 769 665 idemque
798 611 1057 664 proverbium
1076 611 1315 650 Athenaeus
1341 610 1459 648 affert
1479 610 1542 650 IV
1563 624 1602 662 p.
1627 616 1708 658 160,

218 690 263 723 ut
298 698 380 723 non
415 685 650 723 necessario
690 683 740 723 de
773 683 908 722 indice
942 688 1105 722 saturae
1144 682 1348 732 cogitasse
1384 681 1583 721 videatur.
1643 682 1709 720 Ita

217 756 339 795 video
370 755 568 809 quasdam
597 755 825 794 locutiones
854 752 1149 807 proverbiales,
1183 767 1204 792 e
1234 752 1379 806 quibus
1409 753 1539 792 Varro
1568 753 1709 792 titulos

218 834 443 867 saturarum
474 827 612 880 petiit,
653 827 774 865 etiam
807 827 914 866 inter
951 827 1123 866 aliarum
1160 831 1387 865 saturarum
1421 825 1616 877 reliquias
1646 837 1708 862 re-

219 902 391 938 currere.
454 899 523 938 Sic
553 891 638 935 ὄνοι
672 892 794 947 λύρας
823 898 1013 936 dicuntur
1046 899 1088 936 in
1118 900 1345 934 Tasmmasro
1374 896 1424 934 fr.
1455 901 1497 936 4:
1538 894 1706 933 ibidem-

216 983 297 1024 que
327 970 437 1024 quod
468 974 530 1008 est
558 971 785 1007 Ateio‘idem
816 971 919 1018 quod
949 965 1044 1008 Titio
1071 971 1133 1007 ius
1162 973 1242 1006 esto
1273 973 1443 1019 apparet
1469 967 1511 1005 in
1538 966 1708 1017 inscrip-

216 1042 326 1080 tione
362 1047 524 1080 saturae
555 1044 642 1076 lul-:11
667 1044 753 1076 Αττι
779 1043 872 1083 Qnoo
898 1044 987 1077 Τιτῐ.
1039 1040 1094 1079 Et
1135 1038 1244 1091 quod
1276 1038 1319 1077 in
1348 1044 1579 1076 memauus
1607 1037 1656 1076 fr.
1686 1043 1710 1078 6

218 1112 334 1151 dicit:
371 1124 511 1161 quare,
540 1125 562 1149 ο
587 1112 734 1158 Marce,
764 1123 954 1161 pransum
978 1124 1026 1149 ac
1052 1116 1236 1160 paratum
1266 1121 1349 1148 esse
1379 1116 1414 1148 te
1444 1111 1515 1148 hoc
1544 1111 1709 1147 minume

217 1189 384 1231 oportet,
426 1183 598 1222 eandem
633 1182 881 1221 locutionem
917 1187 1080 1221 saturae
1118 1182 1325 1233 inscripsit
1362 1185 1515 1218 ansus
1539 1184 1706 1218 Priamus.

216 1254 344 1292 Porro
381 1258 472 1292 cive
498 1259 619 1292 cisen
646 1267 736 1292 cum
764 1252 975 1292 vocaverit
1004 1259 1204 1301 saturam,
1239 1265 1336 1291 usus
1364 1257 1427 1290 est
1452 1264 1501 1290 eo
1531 1250 1639 1290 dicto
1666 1253 1707 1290 in

217 1327 453 1378 qussmmus
474 1311 531 1364 ‘fr.
554 1332 590 1366 4.
651 1325 810 1378 Quibus
841 1323 1038 1375 exemplis
1067 1323 1287 1362 admoneor
1317 1329 1479 1362 saturae
1507 1336 1613 1375 quae
1644 1329 1707 1362 est

215 1399 438 1440 Mvsnoom,
464 1408 570 1448 quae
600 1410 689 1435 cum
717 1409 798 1435 uno
824 1394 1030 1445 Fulgentii
1064 1408 1260 1448 perquam
1289 1395 1445 1434 incerto
1474 1395 1706 1433 testimonio

212 1467 384 1517 nitatur,
414 1473 550 1519 potest
579 1467 719 1506 titulus
747 1467 907 1506 effictus
938 1479 1030 1505 esse
1057 1479 1107 1505 ex
1139 1473 1397 1504 ANDARATARUH
1427 1467 1476 1505 fr.
1507 1472 1532 1506 4
1567 1468 1619 1505 Et
1647 1478 1707 1504 me

214 1539 392 1587 Iuppiter
428 1540 647 1589 Olympiae,
687 1540 865 1577 Minerva
891 1539 1051 1576 Athenis
1082 1542 1163 1577 suis
1191 1541 1488 1589 mystayoyis
1516 1540 1705 1576 vindicas-

213 1616 308 1648 sent.
369 1609 453 1649 Sed
486 1610 564 1648 hoc
602 1610 644 1648 in
681 1615 930 1648 transcursu.
989 1610 1122 1649 Venio
1152 1610 1205 1649 ad
1233 1609 1403 1648 tertium·
1421 1610 1651 1662 exemplum
1681 1622 1705 1648 a

214 1679 442 1719 Mercklino
475 1681 758 1734 disceptatum,
787 1681 857 1733 qui
889 1680 999 1734 quod
1028 1681 1091 1720 his
1116 1680 1349 1734 Philargyri
1367 1679 1505 1719 verbis
1527 1680 1579 1719 ad
1601 1681 1703 1720 Ver-

213 1750 300 1802 gilii
336 1753 556 1802 georgicon
593 1752 639 1790 II
677 1759 746 1795 336
796 1754 922 1791 Varro
960 1755 998 1790 in
1033 1758 1171 1791 satura
1208 1763 1307 1801 quae
1341 1748 1523 1790 scribitur
1563 1755 1611 1790 de
1641 1765 1703 1791 sa-

213 1825 290 1860 lute
317 1836 398 1861 non
424 1823 726 1876 inscriptionem
756 1829 941 1871 saturae,
972 1823 1046 1862 sed
1077 1823 1302 1874 argument-i
1330 1822 1550 1861 indiculum
1577 1824 1703 1862 conti-

212 1895 301 1933 neri
330 1894 565 1940 arbitratur,
608 1908 683 1946 ego
720 1907 773 1933 ne
807 1893 858 1932 de
891 1894 970 1933 hoc
1008 1895 1172 1948 quidem
1200 1895 1430 1933 testimonio
1462 1894 1582 1932 aliter
1612 1907 1703 1932 sen-

213 1966 269 2004 tio
302 1978 351 2004 ac
389 1965 441 2005 de
478 1965 550 2004 illo
586 1965 799 2005 Gelliano:
845 1979 921 2004 nec
966 1967 1072 2005 enim
1108 1965 1216 2019 quod
1246 1966 1456 2004 Prisciano
1487 1964 1704 2018 Gellioque

212 2037 381 2087 singulis
408 2036 603 2089 exemplis
631 2035 920 2082 concessimus,
949 2042 993 2074 ut
1021 2050 1211 2087 graecam
1235 2035 1540 2088 inscriptionem
1565 2035 1703 2074 latinis

210 2108 348 2146 verbis
376 2108 570 2155 referret,
607 2121 689 2146 non
714 2106 934 2145 condonari
963 2107 1206 2161 Philargyro
1231 2112 1377 2160 potest.
1438 2106 1495 2146 Ut
1520 2121 1600 2145 non
1629 2107 1702 2145 im·

211 2176 423 2228 probabile
463 2178 534 2225 sit,
573 2178 682 2230 quod
718 2178 827 2217 idem
856 2178 1129 2226 Mercklinus,
1166 2192 1248 2217 non
1276 2177 1414 2226 valde,
1445 2183 1489 2216 ut
1515 2178 1613 2216 mihi
1641 2178 1701 2217 vi·

212 2247 351 2296 detur,
399 2248 559 2287 sibimet
595 2249 683 2301 ipse
716 2254 927 2297 constans,
967 2249 1140 2288 coniecit
1174 2246 1265 2301 περὶ
1298 2247 1492 2300 σωτηρίας
1518 2248 1613 2286 olim
1641 2249 1701 2287 in—

211 2319 404 2370 scriptum
435 2318 561 2356 fuisse
592 2318 630 2357 ei
661 2324 837 2368 saturae,
868 2333 991 2373 quam
1020 2305 1286 2373 Philargyrus
1316 2323 1363 2359 de
1393 2322 1518 2358 salute
1545 2319 1700 2358 citavit.

213 2389 296 2427 Sed
326 2389 434 2427 idem
464 2402 555 2428 meo
586 2389 748 2442 quidem
776 2391 925 2431 iudicio
955 2392 1116 2443 longius
1145 2392 1325 2432 deflectit
1355 2406 1380 2431 a
1398 2389 1700 2443 probabilitate,

211 2473 300 2497 cum
341 2459 572 2514 Philargyri
611 2462 882 2501 testimonium
922 2463 976 2502 ad
1013 2463 1190 2516 aliquam
1228 2478 1251 2503 e
1282 2463 1441 2503 traditis
1474 2467 1702 2501 saturarum

210 2529 538 2582 inscriptionibus
563 2531 717 2571 referre
746 2534 894 2574 studet.
948 2535 1055 2574 Nam
1079 2534 1178 2574 licet
1209 2548 1258 2574 ea
1287 2548 1408 2588 quam
1432 2532 1701 2584 Philargyrus

210 2600 415 2652 perhibuit
451 2602 675 2641 sententia:
717 2608 897 2643 mundum
931 2607 1038 2644 haud
1067 2612 1199 2645 natum
1231 2617 1313 2644 esse
1343 2616 1465 2654 neque
1493 2606 1593 2641 mori
1619 2617 1700 2645 non

211 2670 348 2709 aliena
391 2658 580 2712 videatur
625 2673 676 2712 ab
724 2681 959 2726 argumento
1005 2681 1167 2715 saturae
1204 2690 1308 2729 quae
1343 2682 1405 2714 est
1447 2678 1699 2710 Kocuoropvsn

210 2746 303 2779 Περι
332 2747 477 2781 ‹beomc
501 2748 663 2787 Komar,
706 2751 843 2784 tamen
877 2758 956 2784 nec
995 2747 1191 2786 credibile
1227 2751 1289 2785 est
1324 2745 1428 2784 haec
1465 2758 1572 2798 quae
1607 2751 1700 2783 sunt

211 2811 300 2862 περὶ
339 2813 500 2864 φθορᾶς
536 2809 687 2865 κόσμου
726 2830 751 2855 a
786 2829 989 2869 quoquam
1022 2818 1103 2856 illis
1133 2822 1180 2856 de
1208 2819 1331 2855 salute
1361 2817 1470 2856 elata
1499 2830 1612 2864 esse,
1659 2821 1699 2854 et

210 2885 384 2924 maxime
425 2885 624 2924 lubricum
669 2886 711 2925 in
746 2886 1019 2939 polygraphia
1053 2888 1249 2927 Varronis
1299 2901 1322 2925 c
1358 2889 1587 2926 sententiae
1625 2886 1696 2926 ali-

1347 2955 1426 2995 13*
