1898 3236
249 237 302 276 44
820 247 1161 280 oomnc‘rANEA.

250 352 421 392 Varroni
449 351 631 401 demere,
663 354 732 406 qui
758 366 810 392 ne
838 353 944 392 tales
974 353 1137 406 quidem
1164 368 1320 406 versus,
1353 357 1493 410 quales
1517 358 1560 398 hi
1585 365 1676 399 sunt
1706 373 1730 400 e

249 428 386 463 satura
413 428 479 462 Esr
505 428 622 462 Monus
648 428 807 462 MuuLAE
838 424 889 482 fr,
917 430 940 466 6
1654 428 1657 431 “

458 518 555 565 Vino*
580 527 675 565 nihil
701 528 906 566 iucundius
937 527 1137 576 quisquam
1158 530 1256 567 bibit.

440 597 533 647 ‘Hoc
563 598 728 637 co'ntinet
755 597 954 647 coayulam
984 598 1167 637 convivia.

245 711 270 736 a
299 710 373 736 sua
401 703 487 737 arte
513 699 643 738 voluit
664 700 818 739 alienos
841 712 945 739 esse.
976 700 1040 739 Of.
1061 714 1100 752 p.
1123 707 1181 743 37.
1214 702 1295 741 Uni
1322 703 1532 755 Scaligero
1555 705 1731 745 >debetur

242 769 415 820 proximi
435 782 576 808 versus
602 769 841 818 emendatio,
875 772 943 823 qui
974 772 1014 809 in
1045 771 1158 821 libris
1188 773 1246 812 ita
1265 773 1462 813 habetur:
1494 788 1609 824 qaam
1632 778 1728 815 hila·
1775 820 1781 827 ⁶

241 843 394 878 ritatem
412 843 670 890 significantes
699 843 826 879 animi.
876 842 964 880 Iam
983 843 1026 880 in
1048 843 1180 882 medio
1206 845 1432 894 fragmento
1452 847 1580 898 primo
1604 848 1728 887 inseri

244 917 430 964 oportere
453 913 502 954 fr.
521 912 579 959 II,
596 917 638 950 et
649 923 743 969 qaos
766 925 987 965 pronomen
1006 919 1046 952 et
1060 902 1346 966 palpebrarum
1362 917 1510 962 mentio
1529 916 1579 959 ab
1602 918 1728 957 oculis

243 997 324 1022 non
355 981 610 1034 segreganda
638 982 800 1021 evincit.
859 981 973 1033 Quos
999 996 1142 1022 versus
1171 985 1309 1022 nescio
1336 991 1468 1024 utrum
1490 986 1612 1026 Nonii
1634 1001 1726 1026 eon-

243 1054 378 1093 silium
407 1067 459 1092 an
488 1053 644 1091 incuria
672 1052 925 1091 librariorum
955 1054 1156 1093 omiserit:
1198 1060 1336 1094 extant
1366 1057 1407 1095 in
1438 1057 1581 1096 eodem
1605 1057 1729 1098 Nonii
1775 1074 1777 1076 ·

242 1124 344 1164 libro
370 1138 409 1176 p.
440 1129 528 1172 218,
560 1130 628 1164 22:
660 1123 727 1162 ubi
759 1123 868 1176 quod
897 1124 1166 1173 calliblefaron
1190 1155 1198 1163 .
1225 1156 1231 1163 .
1263 1129 1402 1166 vallato
1430 1130 1576 1167 mobilis
1602 1135 1729 1181 septos
1767 1144 1770 1147 ’

243 1195 444 1243 scribitur,
474 1194 569 1233 olim
596 1199 890 1242 correxerunt„
916 1192 1137 1234 Consilium
1162 1201 1298 1235 autem
1321 1197 1444 1236 Nonii
1468 1199 1526 1238 ita
1549 1199 1653 1249 dico,
1677 1207 1728 1250 ,ut
1792 1192 1794 1194 V

243 1279 334 1305 cum
357 1265 410 1305 ad
435 1265 719 1318 explicandam
738 1268 859 1304 rictus
878 1279 1019 1304 vocem
1043 1266 1092 1305 ab
1115 1267 1229 1322 initio
1249 1267 1370 1321 plura
1396 1281 1516 1320 quam
1541 1283 1641 1322 opus
1663 1284 1724 1310 es-

242 1343 306 1377 set
338 1335 645 1390 adscripsisset,
681 1348 773 1374 mox
799 1337 980 1377 velocius
1012 1339 1309 1391 praetermissis
1339 1339 1482 1378 mediis
1512 1340 1564 1379 ad
1595 1329 1726 1393 ipsum

243 1421 321 1461 quo
349 1408 409 1446 uti
436 1407 566 1447 voluit
594 1406 836 1446 vocabulum
862 1408 1119 1451 festinavisse
1142 1409 1342 1449 videatur.
1397 1410 1530 1461 Quam
1562 1412 1737 1464 quidem¹

241 1464 542 1529 festinationem
574 1476 681 1516 haud
709 1476 917 1516 mirificam
952 1479 995 1517 in
1021 1479 1153 1518 Nonio
1181 1493 1344 1532 possum
1373 1482 1414 1520 ni
1444 1471 1564 1521 fallor
1594 1483 1723 1522 altero

242 1548 428 1601 exemplo
464 1548 681 1587 illustrare,
738 1552 764 1584 E
797 1551 907 1603 ΜΑκιο
948 1549 1053 1588 enim
1090 1550 1283 1589 Varronis
1319 1543 1476 1590 Nonius
1514 1566 1554 1604 p.
1585 1558 1674 1601 544,
1705 1561 1724 1594 l

239 1624 405 1672 propter
433 1621 581 1669 patella
612 1632 757 1658 vocem
794 1618 896 1658 haec
932 1619 1059 1659 verba
1093 1622 1297 1673 excerpsit
1330 1623 1379 1662 fr.
1413 1629 1476 1665 19:
1535 1625 1725 1670 Quocirca

240 1695 389 1740 oportet
424 1692 561 1729 bonam
594 1693 711 1729 civem
744 1692 886 1740 le9ibus
911 1702 1057 1738 parere
1094 1697 1133 1730 et
1161 1695 1250 1742 deos
1286 1682 1428 1740 colere,
1473 1697 1514 1733 in
1540 1698 1723 1744 patellam

239 1764 335 1799 dare
371 1756 514 1812 μικρὸν
551 1758 678 1808 κρέας.
738 1761 806 1800 Sic
846 1762 952 1800 enim
981 1761 1161 1813 pedestri
1198 1764 1378 1818 oratione
1414 1765 1546 1804 scribo
1583 1766 1722 1815 verba,

240 1846 346 1885 quae
373 1845 451 1884 quo
486 1845 652 1872 numero
684 1831 885 1872 Oehlerus
914 1832 998 1883 legi
1027 1833 1213 1882 voluerit,
1253 1847 1342 1873 oum
1366 1835 1625 1877 Basileenses
1658 1851 1720 1877 se-

213 1886 356 1941 'cutus
386 1903 443 1942 ita
474 1903 712 1944 distribuat:

711 1980 903 2040 Quocirca
930 1999 1077 2042 oportet
1106 1997 1242 2032 bonum
1268 1997 1384 2034 civem
1410 1997 1553 2046 leqibus

404 2076 407 2079 ⁴
438 2066 589 2104 Parere
612 2070 650 2103 et
677 2066 768 2103 deos
795 2067 940 2111 colere,
970 2067 1012 2103 in
1033 2068 1214 2114 patellam
1242 2069 1338 2104 dare
1367 2060 1511 2116 μικρὸν

440 2132 567 2187 Κρέας

237 2238 334 2276 mihi
370 2251 452 2276 non
488 2238 615 2289 magis
656 2236 859 2289 cognitum
895 2250 1015 2290 quam
1043 2237 1120 2276 fuit
1146 2238 1374 2278 Meinekio.'
1423 2239 1550 2291 Atqui
1581 2240 1653 2279 illa
1684 2247 1721 2279 et

236 2311 326 2346 deos
352 2311 477 2346 colere
501 2322 643 2360 parum
664 2307 890 2357 commode,
922 2314 966 2347 ut
987 2313 1105 2361 puto,
1137 2309 1271 2348 statim
1295 2310 1548 2362 excipiuntur
1569 2310 1619 2349 ab
1639 2311 1717 2360 his,
1762 2315 1766 2318 '

238 2391 342 2430 quae
375 2378 523 2416 Larum
554 2392 671 2418 saera
700 2380 916 2418 attineant:
959 2381 999 2417 in
1028 2382 1214 2427 patellam
1243 2383 1338 2418 dare
1370 2383 1410 2430 μζ
1436 2394 1494 2420 ns
1535 2377 1598 2421 Ut'
1621 2382 1718 2438 mihi

236 2448 423 2498 videatur
447 2449 629 2497 Nonius,
661 2464 738 2502 quo
769 2451 884 2488 citius
914 2450 966 2488 ad
997 2450 1108 2498 eain,
1142 2464 1262 2502 quam
1292 2451 1545 2503 explicabat,
1572 2457 1718 2502 patella

235 2532 381 2557 vocem
396 2521 645 2571 perveniret,
667 2520 744 2558 hoe
768 2533 927 2573 quoque
946 2520 1035 2558 loco
1063 2521 1197 2559 media
1218 2521 1418 2574 quaedam
1440 2524 1715 2563 transiluisse:

237 2603 406 2642 quorum
430 2604 525 2642 pars
556 2590 664 2641 apud
696 2590 868 2629 eundem
887 2591 1063 2629 Nonium
1094 2596 1204 2629 extat
1233 2605 1273 2643 p.
1294 2597 1382 2640 480,
1411 2597 1454 2641 4,
1485 2593 1554 2632 ubi
1576 2586 1626 2632 ex
1649 2607 1714 2632 ea·
1772 2636 1776 2639 ,

234 2660 329 2699 'dem
356 2665 494 2699 satura
522 2659 710 2711 perhibet
737 2660 786 2698 fr.
811 2666 875 2701 20:
908 2674 984 2699 non
1013 2663 1250 2708 maledicere,
1272 2664 1409 2710 pedem
1433 2667 1472 2702 in
1488 2665 1619 2713 focum
1640 2678 1715 2703 non

234 2734 440 2779 inponere,
480 2733 719 2779 sacrificari.-
758 2744 862 2784 quae
897 2731 993 2780 mihi
1031 2731 1194 2784 quidem
1240 2733 1372 2784 aptius
1402 2718 1614 2785 praemitti*
1633 2734 1712 2772 illis

235 2804 272 2838 in
298 2803 483 2848 patellam
513 2803 609 2839 dare
637 2815 676 2851 μ.
704 2814 740 2838 κ.
769 2814 890 2854 quam
918 2801 1063 2841 iisdem
1091 2802 1280 2842 videntur
1305 2801 1508 2853 subiungi:

351 2903 538 2948 Quocirca
567 2908 716 2955 oportet
743 2905 878 2956 bonum
904 2907 1021 2943 civem
1038 2878 1193 2954 'leuibus
1205 2901 1357 2953 parere
1369 2910 1407 2942 et
1422 2905 1512 2943 deos
1531 2906 1656 2943 colere
1681 2928 1710 2933 --
