1898 3236
235 276 288 317 86
804 283 1143 315 οοΝιΕοτΑΝΕΑ.

234 391 437 430 recensuit
472 387 634 441 quidem
669 388 738 427 ille
773 388 828 427 ibi
860 388 929 427 ubi
964 394 1181 427 metrorum
1209 388 1464 426 ‘varietatem
1491 389 1710 439 egregiam'

234 462 428 501 Varronis
461 473 507 498 eo
532 459 722 506 illustrat,
755 459 861 510 quod
887 464 1050 512 praeter
1072 459 1271 497 trimetros
1293 457 1486 497 iambicos
1508 460 1710 510 reperian-

231 537 295 570 tur
325 532 445 569 etiam
475 535 700 578 scazontes,
726 529 945 581 galli‘ambi,
973 530 1196 568 tetrametri
1222 529 1430 578 trochaici,
1461 531 1711 582 anapaestici
1763 560 1777 573 ,η

232 603 390 641 dimetri
428 607 550 653 atque
587 602 811 641 tetrametri
848 607 888 639 et
923 601 1077 639 heroici
1112 613 1267 639 versus.
1331 600 1393 638 Of.
1424 599 1628 638 Addenda
1660 599 1712 638 ad

230 689 269 726 p.
301 681 357 714 40.
418 673 507 711 Nec
549 673 591 711 in
631 673 720 711 aliis
757 671 875 710 nimis
903 669 1127 708 verendum
1158 676 1239 719 est,
1279 684 1330 709 ne
1359 671 1504 709 iniuria
1533 670 1604 708 fiat
1636 670 1709 719 illi,

231 759 350 798 quem
385 745 504 784 video
546 742 614 782 vel
645 743 686 780 in
723 740 987 793 apertissimis
1026 739 1286 779 adnotatione
1325 753 1493 789 cavere,
1532 755 1583 779 ne
1621 742 1710 794 quis

229 818 407 855 incertus
445 815 496 853 de
533 818 660 851 metro
690 812 877 858 haereat,
915 815 960 848 ut
988 824 1027 862 p.
1059 816 1127 851 130
1164 811 1213 849 fr.
1252 817 1274 850 2
1333 813 1418 849 Non
1442 823 1553 859 posse
1583 817 1710 849 ostrea

229 899 269 924 se
307 889 452 924 Romae
484 885 674 934 praebere
711 887 748 920 et
783 883 938 919 echinos
975 882 1063 919 ‘est
1095 881 1357 919 hexametcr'
1398 880 1651 936 adscripsit&
1672 886 1712 918 et

230 971 269 1008 p.
302 962 371 996 204
408 956 457 994 fr.
489 962 511 995 3
547 953 641 991 huic
664 953 801 991 versui
837 953 890 989 Et
921 956 1053 999 petere
1084 955 1284 1000 imperium
1317 953 1454 1008 populi
1487 956 1523 988 et
1544 956 1710 988 ‘conten-

229 1030 321 1065 dere
356 1029 541 1065 honores.-
586 1029 629 1062 ut
662 1023 842 1070 nescias,
888 1035 983 1060 num
1021 1022 1168 1061 viderit
1217 1026 1420 1059 Dx-:sumonu
1468 1023 1517 1060 fr.
1559 1030 1575 1063 1
1614 1025 1709 1059 Fer-

231 1109 317 1136 vere
350 1099 494 1145 piratis
531 1096 749 1143 vastarique
778 1095 903 1131 omnia
932 1097 1096 1139 circum,
1136 1094 1199 1132 cui
1227 1093 1325 1131 nihil
1356 1092 1584 1140 adnotavit,
1614 1093 1710 1131 item

231 1181 322 1206 esse
352 1167 570 1206 heroicum.
632 1165 713 1216 Qui
741 1163 808 1201 vel
838 1162 914 1210 ibi,
944 1162 1012 1201 ubi
1050 1162 1126 1201 sibi
1162 1178 1242 1202 non
1279 1176 1443 1216 prorsus
1483 1162 1706 1210 constabat,

229 1238 358 1276 noluit
393 1237 493 1275 alios
526 1250 606 1274 non
635 1235 805 1273 monitos
837 1234 1057 1283 dimittere,
1087 1239 1131 1273 ut
1157 1234 1251 1272 huic
1281 1234 1450 1286 pulchro
1481 1230 1710 1286 septenario

231 1312 376 1343 Bumnci
406 1307 455 1344 fr.
483 1312 548 1346 20:

432 1396 557 1434 See'rca
587 1407 707 1444 quem·
726 1396 854 1432 sene'm
879 1397 1017 1433 Latina
1049 1395 1139 1441 vidi}
1169 1393 1441 1433 deris’z'ssimum

228 1489 333 1526 hanc
372 1485 672 1525 memorabilem
712 1484 1013 1524 adnotationem
1049 1484 1241 1525 subiecit:
1288 1485 1600 1535 ‘Fragmentum
1630 1484 1708 1521 for-

230 1564 339 1596 tasse
378 1557 579 1609 poeticum
616 1560 696 1604 est,
739 1569 858 1607 quum
900 1555 1021 1594 iambi
1058 1555 1211 1593 insint?
1271 1555 1418 1607 Itaque
1456 1568 1536 1592 non
1572 1554 1708 1592 dubito

231 1627 411 1666 eiusdem
450 1632 553 1663 MANu
596 1625 692 1663 mihi
737 1625 946 1665 vindicare
982 1625 1256 1664 claudicantes
1294 1627 1564 1677 septenarios,
1609 1639 1710 1678 quos

230 1699 299 1736 frr.
329 1704 351 1738 6
379 1701 419 1736 et
444 1704 485 1737 10
508 1696 698 1734 offerunt:

382 1777 386 1780 ⁴
432 1788 548 1825 Hz'me
579 1788 692 1823 Ceres
721 1786 799 1824 cibz'
826 1787 1001 1823 ministra
1029 1786 1209 1834 freiyibus
1235 1786 1316 1823 suis
1339 1787 1482 1833 poree!

430 1859 588 1895 Dt'cleem
618 1870 758 1905 aquam
788 1856 888 1894 biboic
915 1858 1106 1894 salubrem
1139 1862 1174 1894 et
1202 1857 1326 1905 flebile
1356 1855 1463 1893 esite'c
1492 1854 1595 1903 ee'pe.

231 1948 368 2000 Atque
397 1949 438 1986 in
462 1947 524 1985 his
551 1946 713 1998 quidem
733 1947 862 1997 Varro
893 1947 1051 1984 omnino
1082 1945 1131 1984 ab
1152 1945 1371 1998 imparibus
1402 1934 1568 1983 sedibus
1590 1959 1708 1997 spon-

233 2019 330 2057 deos
372 2017 512 2069 procul
551 2016 701 2055 habuit.
760 2015 918 2054 Eadem
955 2020 1040 2053 arte
1080 2016 1239 2055 formati
1268 2017 1309 2054 hi
1338 2020 1552 2068 praeterea
1581 2016 1622 2053 in
1647 2016 1709 2054 his

230 2089 411 2141 reliquiis
443 2091 675 2126 occurrunt:
706 2101 746 2138 p.
774 2092 820 2128 94
851 2085 970 2125 Oehl.
1509 2070 1511 2072 ι

433 2179 550 2224 Que'm
577 2183 760 2216 secuntur
788 2179 873 2215 ez'cm
901 2180 1078 2215 rutundis
1105 2177 1224 2215 ve'litis
1250 2177 1348 2214 leve's
1366 2176 1550 2234 pa'rnfeis,

429 2243 690 2298 'Antesiqnam'
716 2251 917 2297 quadratis
944 2248 1219 2296 meltisiynibz'cs
1250 2247 1348 2284 te'eti.

229 2342 503 2387 mulcisiqnibus
530 2339 814 2376 Lachmannus
845 2337 898 2376 ad
926 2338 1106 2376 Lucretii
1129 2337 1173 2375 II
1196 2343 1284 2377 402:
1318 2338 1369 2374 cf.
1393 2336 1620 2375 Meinekius
1653 2338 1708 2383 (Z.

226 2412 258 2459 f.
290 2412 333 2447 Α.
373 2412 428 2447 W.
460 2415 546 2449 1845
576 2422 612 2445 n.
642 2407 718 2459 93).
770 2411 940 2456 parmeis
980 2409 1100 2446 elicui
1130 2421 1151 2446 e
1181 2407 1418 2458 corruptelis
1448 2406 1640 2444 librorum
1669 2421 1707 2458 p.

230 2486 318 2527 552,
347 2485 411 2520 30:
447 2490 621 2526 pccreans
656 2477 796 2516 Bamb.
833 2491 1006 2527 paream*
1039 2477 1075 2529 (e
1107 2491 1194 2529 sup.
1225 2491 1246 2515 e
1275 2476 1372 2528 scr.)
1403 2476 1610 2516 Wolfenb.
1634 2475 1709 2526 Jpa-

230 2562 320 2588 rens
351 2549 392 2600 (a
416 2561 504 2600 sup.
532 2560 552 2585 e
584 2545 678 2597 scr.)
714 2547 830 2586 Leid.
856 2552 1010 2597 parmis
1035 2561 1173 2586 omnes
1201 2562 1241 2599 p.
1272 2555 1352 2595 553,
1385 2555 1441 2588 10.

342 2634 456 2680 p..95
520 2627 599 2664 Ne'e
628 2639 765 2664 manus
793 2629 894 2665 visco'
926 2630 1052 2665 tenaci
1079 2628 1199 2665 tincta
1225 2633 1310 2664 erat
1338 2627 1412 2664 viri
1440 2626 1560 2664 edsta.

231 2708 299 2746 Sic
329 2705 578 2745 Meinekius:
619 2704 712 2743 libri
739 2719 780 2757 Ρ.
808 2711 896 2755 267,
936 2713 976 2747 ll
1009 2708 1192 2744 tinaeerat.
1242 2704 1442 2744 Oehlerus
1479 2704 1591 2743 illato
1622 2706 1711 2741 auri

229 2785 398 2818 metrum
429 2777 616 2828 corrupit.

343 2870 382 2907 p.
416 2864 482 2898 133
536 2885 545 2894 .
579 2886 588 2895 .
617 2861 733 2903 rapta
763 2868 787 2892 α
813 2849 940 2893 nescio
970 2868 1044 2904 quo
1072 2857 1233 2892 me'clione
1263 2854 1434 2901 rciptdris

526 2927 704 2965 Rdmices
729 2926 883 2974 rumpit.
