1898 3236
768 275 1111 306 οοΝῐΕοί-ΑΝΕΑ.
1657 271 1682 309 5

198 380 284 432 259)
318 386 481 420 secutus
509 380 759 419 Mercklinus
787 380 813 418 l.
846 394 880 419 c.
910 394 951 433 p.
980 386 1050 423 386
1079 382 1346 430 existimavit,
1378 388 1421 434 ut
1452 396 1574 434 aegre
1608 383 1683 422 sibi

199 465 321 491 unam
341 450 594 503 eandemque
615 464 640 489 a
660 451 793 490 Nonio
816 451 930 490 citari
960 456 1139 490 saturam
1164 452 1443 505 persuaderet.
1488 453 1571 492 Sed
1594 467 1682 492 cum

199 536 294 575 pars
325 522 475 570 altera,
512 533 616 573 quae
644 520 772 560 latina
802 526 883 571 est,
918 520 1062 560 indicis
1091 522 1304 575 utrobique
1335 524 1370 562 si
1397 537 1478 562 non
1506 525 1683 576 compari

199 598 240 631 at
273 591 393 631 simili
421 591 541 630 modo
570 590 858 644 perhibeatur,
891 605 942 631 ne
973 592 1143 630 alteram
1172 592 1357 644 quidem,
1398 608 1503 650 quae
1533 609 1681 645 graece

200 661 379 703 exhibita
416 661 568 701 rudiori
604 660 843 713 descriptori
876 663 1083 713 ne‘gotium
1114 664 1321 703 facessere
1354 666 1504 718 potuit,
1546 672 1680 717 poste-

197 736 304 773 riore
331 734 422 772 loco
452 734 509 771 ita
537 738 810 785 comparatam
839 732 990 779 habeo,
1030 739 1075 772 ut
1100 734 1141 772 in
1169 735 1373 774 titulorum
1405 735 1682 775 diversitatem

198 819 271 844 nos
302 804 497 844 deducat:
544 803 640 856 quid
678 804 785 842 enim
821 805 878 843 ita
915 805 1057 843 mirum
1092 806 1331 857 praesertim
1368 807 1476 858 apud
1505 808 1680 847 Nonium

197 877 300 916 haec
329 873 420 927 περὶ
448 868 629 926 φθόνου,
670 887 760 912 cum
785 887 957 925 graecas
986 875 1144 914 litteras
1175 874 1309 914 scriba
1337 875 1464 915 latine
1495 884 1683 917 exararet

197 950 238 988 in
268 949 376 987 hunc
405 946 566 986 modum
593 948 684 994 peri
709 946 843 994 flonu,
890 946 1103 998 paullatim
1142 947 1183 985 in
1223 960 1292 985 eas
1332 947 1482 986 formas
1518 947 1680 997 abiisse,

197 1033 298 1072 quas
324 1032 430 1057 nunc
456 1017 571 1065 libri,
606 1019 673 1070 qui
703 1017 843 1069 optimi
874 1022 987 1064 sunt,
1018 1016 1254 1069 perhibent:
1282 1020 1374 1066 peri
1400 1023 1502 1056 toton
1527 1024 1569 1057 et
1596 1022 1683 1068 iper

196 1096 309 1129 toton.
371 1089 510 1141 Quare
541 1102 630 1127 cum
659 1088 776 1126 Iunio
808 1093 848 1126 et
875 1088 1061 1126 Mei-cero
1100 1088 1193 1126 huic
1229 1088 1320 1126 loco
1351 1101 1401 1126 ex
1435 1090 1570 1140 priore
1599 1103 1680 1128 me-

197 1160 372 1200 dicinam
410 1165 642 1213 repetamus
674 1160 713 1197 in
745 1158 925 1210 graecis:
973 1171 1021 1196 ac
1054 1159 1235 1197 vicissim
1273 1159 1332 1197 illi
1365 1158 1493 1197 latina
1524 1173 1574 1198 ex
1603 1160 1682 1198 hoc

194 1232 286 1271 loco
323 1231 578 1274 emendatius
617 1231 768 1283 scripta
811 1228 1044 1269 reddamus,
1106 1230 1212 1268 Nam
1246 1229 1355 1282 quod
1394 1227 1573 1267 Oehlero
1611 1229 1682 1268 alii

195 1303 458 1355 praeiverunt
500 1304 632 1340 Gloria
677 1297 767 1352 περὶ
810 1293 995 1350 φθόνου,
1047 1300 1090 1339 id
1129 1300 1293 1352 quidem
1338 1299 1436 1338 mihi
1475 1313 1499 1338 a
1532 1300 1680 1339 Varro-

195 1374 319 1412 niana
362 1371 610 1412 inscribendi
653 1371 790 1410 titulos
836 1370 1129 1409 consuetudine
1173 1370 1391 1409 abhorrere
1435 1371 1567 1409 visum
1606 1377 1680 1410 est.

195 1446 321 1483 Immo
347 1444 561 1482 veritatem
590 1443 799 1481 Mercerus
831 1443 984 1493 tetigit,
1018 1442 1087 1494 qui
1115 1455 1155 1492 p.
1188 1446 1255 1482 148
1286 1441 1412 1479 Varro
1439 1443 1608 1490 Inylorio
1637 1454 1679 1481 π.

194 1528 236 1563 φ.
269 1513 429 1560 scribit,
475 1526 499 1551 a
536 1527 615 1566 quo
646 1527 727 1552 non
754 1512 878 1552 distat
910 1511 1211 1551 Basileensium
1239 1510 1441 1562 scriptura
1469 1514 1510 1549 in
1537 1514 1678 1551 Glorio.

194 1585 351 1624 Nonius
377 1584 504 1630 enim,
536 1583 646 1636 quod
667 1582 868 1622 Oehlerus
898 1596 979 1621 non
1002 1581 1125 1621 valde
1155 1587 1346 1619 accurate
1374 1581 1610 1622 observavit
1639 1598 1680 1635 p.

193 1661 283 1703 218,
314 1656 356 1694 in
385 1653 603 1693 afferendis
630 1653 692 1692 his
739 1650 866 1691 titulis
897 1654 938 1688 in
959 1652 1272 1703 ‘praepositione
1300 1651 1431 1691 rarius
1468 1653 1527 1691 uti
1552 1653 1678 1692 solet:

194 1725 447 1778 eandemque
486 1725 656 1763 formam
690 1724 879 1772 Itaqloric»,
923 1721 1032 1774 quod
1071 1722 1194 1761 miror
1237 1721 1393 1773 fugisse
1436 1724 1708 1772 Mercerum,'

193 1797 311 1835 alteri
333 1796 426 1834 loco
448 1809 488 1847 p.
506 1800 574 1836 325
594 1807 667 1846 pro
689 1793 855 1844 vulgato
881 1794 1051 1831 Gloriam
1072 1794 1255 1834 restituo.
1302 1794 1361 1834 Ut
1381 1795 1461 1833 iam
1482 1795 1524 1834 in
1543 1802 1679 1848 poste-

192 1881 279 1906 rum
315 1866 410 1904 huic
448 1871 610 1904 saturae
648 1862 814 1902 inscribi
852 1863 1021 1903 debeat:
1068 1868 1250 1903 lucrosius
1282 1868 1375 1902 Περι
1410 1870 1578 1904 sponsor:
1632 1881 1679 1906 ac

193 1939 226 1977 si
276 1938 374 1976 licet
419 1950 470 1976 ex
514 1934 649 1974 indice
697 1935 971 1974 coniecturam
1014 1936 1066 1975 de
1115 1943 1352 1988 argumento
1398 1944 1562 1979 saturae
1614 1955 1679 1980 ca-

191 2023 312 2062 pere,
350 2008 565 2059 inglorius,
612 2018 732 2057 quem
767 2005 872 2044 livor
909 2012 950 2045 et
986 2008 1141 2047 invidia
1176 2007 1375 2057 vexabat,
1423 2013 1680 2052 occasionem

193 2081 244 2120 de
274 2079 452 2119 invidiae
482 2076 703 2116 rationibus
735 2076 970 2129 disputandi
997 2079 1205 2133 praebuit:
1240 2094 1321 2119 non
1349 2081 1469 2120 aliter
1489 2096 1609 2134 quam
1638 2085 1680 2122 in

192 2166 243 2191 ea
281 2156 439 2197 satura,
479 2150 543 2187 cui
580 2148 682 2187 haec
722 2153 785 2187 est
818 2149 1027 2202 inscriptio
1058 2156 1202 2188 sttcn
1226 2156 1320 2188 Περι
1347 2157 1561 2190 ΦιΛοκικιΑο
1600 2153 1680 2204 (sic

192 2223 299 2261 enim
339 2227 451 2260 recte
489 2219 700 2266 scribitur,
745 2232 822 2257 nec
861 2219 1039 2259 debebat
1075 2222 1127 2261 de
1174 2223 1252 2259 Vae
1294 2225 1401 2261 victis
1437 2224 1623 2276 cogitari)
1656 2239 1681 2264 a

193 2293 365 2331 devictis
406 2291 625 2330 certamine
659 2290 789 2327 Varro
828 2302 968 2327 ansam
1012 2290 1062 2329 de
1095 2293 1292 2332 victoriae
1330 2293 1519 2346 cupidine
1551 2295 1679 2336 disse-

192 2363 307 2402 rendi
343 2363 518 2414 repetiit.
578 2361 696 2400 Mitto
735 2373 840 2398 nunc
880 2361 981 2399 alias
1013 2362 1319 2415 inscriptiones,
1364 2365 1405 2403 in
1445 2366 1589 2418 quibus
1628 2369 1678 2406 si-

192 2433 329 2472 milem
366 2433 534 2471 duarum
568 2432 745 2484 partium
782 2432 980 2470 rationem
1011 2445 1233 2483 agnoscas:
1271 2435 1338 2473 vel
1363 2435 1487 2485 haec,
1528 2440 1568 2477 in
1598 2453 1679 2492 qua

192 2518 298 2542 nunc
333 2516 562 2550 versamur,
602 2508 760 2550 satura,
804 2502 923 2541 modo
968 2517 1017 2542 ea
1055 2504 1280 2558 duplicem,
1320 2521 1439 2560 quem
1472 2512 1677 2562 proposui,

191 2573 367 2613 indicem
402 2573 606 2621 habuerit,
643 2574 754 2613 illius
791 2575 957 2614 rationis
987 2575 1230 2617 documento
1258 2592 1349 2618 esse
1380 2581 1520 2632 possit.
1596 2581 1679 2620 Sed

191 2645 315 2684 redeo
348 2657 371 2684 e
399 2644 642 2683 diverticulo
670 2645 712 2683 in
741 2645 862 2685 viam.

302 2716 371 2754 Fr.
393 2715 437 2754 II
472 2718 672 2754 Fonascus
701 2716 836 2755 adsum
866 2717 1010 2770 scripsi
1045 2731 1135 2757 cum
1168 2720 1307 2759 Iunio:
1347 2735 1423 2760 nec
1455 2722 1552 2773 quid
1585 2736 1676 2774 pro-

191 2786 366 2825 babilius
402 2787 454 2825 sit
488 2781 680 2825 invenio:
727 2787 851 2826 Nonii
890 2789 995 2827 enim
1029 2788 1121 2828 libri
1153 2804 1194 2843 p.
1224 2797 1312 2838 176,
1343 2799 1388 2833 30
1415 2793 1563 2841 fonicia
1593 2807 1675 2832 sum

190 2856 426 2909 perhibent,
451 2858 493 2896 in
514 2871 592 2910 quo
619 2858 725 2910 quod
747 2857 948 2898 Oehlerus
967 2861 1152 2909 phom’cia
1175 2874 1199 2899 a
1221 2861 1364 2900 ciendo
1387 2857 1527 2912 φωνήν
1549 2865 1677 2903 latere

193 2927 444 2979 suspicatur,
475 2939 565 2967 'nec
596 2929 762 2968 mixtum
795 2942 817 2968 e
854 2942 1004 2981 graeca
1041 2939 1080 2969 et
1110 2931 1239 2970 latina
1275 2932 1404 2971 forma
1433 2933 1675 2973 vocabulum
