1898 3236
243 238 327 282 210
816 247 1155 282 coumcunns.

244 355 347 406 spici
375 340 590 405 oporteret.
636 355 764 393 Immo
793 345 1030 404 Varronem,
1059 368 1150 395 cum
1178 348 1430 408 antiquitatis
1454 368 1584 396 mores
1612 359 1723 397 vitiis

242 425 524 477 praesentibus
560 431 802 477 opponeret,
841 439 923 464 non
959 428 1016 465 ita
1044 438 1211 479 parcum
1239 427 1453 466 verborum
1489 440 1512 467 e
1544 428 1723 480 locuple·

242 496 417 544 tissfimo,
457 508 576 548 quem
615 495 721 534 domi
749 495 947 544 habebat,
989 498 1206 536 universae
1238 499 1488 551 antiq-uitatis
1516 500 1723 538 Romanae

242 579 349 617 penu
395 578 561 617 quorum
617 567 764 618 aliquis
820 580 915 606 usus
969 581 1060 606 esse
1109 579 1268 620 posset,
1330 569 1536 619 hausisse,
1594 570 1724 622 ipsum

240 637 368 674 hoc'e
396 640 583 674 SEXAGESSI
611 637 892 687 fragmentum,
923 638 1029 691 quod
1060 652 1097 690 p.
1128 646 1196 679 110
1223 639 1352 690 tetigi,
1381 639 1569 679 disertius
1590 640 1726 692 prodit

241 706 322 758 (16)
354 709 500 754 Erras,
530 711 670 756 inquit,
701 709 855 754 Marce,
886 719 1072 747 accusare
1103 720 1194 755 ηοε,
1223 713 1435 750 ruminat-is
1465 714 1722 760 antiquitates.

240 778 306 815 Ita
339 777 518 829 undique
556 779 778 834 confluunt,
818 778 962 830 quibus
1001 778 1303 820 distinctissime
1347 780 1504 820 secludi
1543 795 1568 820 a
1596 780 1722 822 Sexa-

239 849 349 898 gessi
378 847 563 886 iubeatur
589 842 781 900 ἐξαγωγῆς
812 861 932 886 unum
957 848 1065 900 quod
1084 851 1334 890 Mercklinus
1357 864 1454 890 suae
1475 850 1719 904 opinationis
1750 846 1753 850 ’

240 925 518 969 argumentum
549 919 714 970 insuper
743 918 911 973 addidit,
942 918 1092 958 nollem
1112 935 1136 960 a
1161 922 1279 961 docto
1298 924 1386 962 viro
1408 904 1643 970 adhibitum,
1673 921 1720 959 il-
1778 926 1781 928 ’

239 983 314 1027 lud'
347 988 456 1042 quod
492 1002 513 1027 e
546 995 706 1028 saturae
739 994 831 1026 Περι
862 993 1043 1025 ΕΞΑΓωι-ιισ
1071 993 1120 1031 fr.
1150 998 1173 1033 6
1202 994 1384 1044 repetiit:
1424 994 1545 1038 Quam
1568 1004 1721 1041 sympa-

239 1062 346 1098 mian
380 1063 578 1098 lumbiad
610 1063 738 1098 oculos
766 1057 976 1099 haberent?
1034 1065 1126 1110 quid
1161 1077 1338 1112 magnum
1369 1067 1586 1110 interesset,
1623 1074 1720 1111 pue-

239 1143 324 1168 rum
353 1137 481 1168 utrum
511 1142 629 1168 essem
659 1133 935 1179 deviryinatum
965 1144 1127 1179 usurus,
1167 1146 1218 1171 an
1248 1131 1552 1184 μονογέροντας,
1575 1145 1722 1181 pueros

239 1203 326 1237 (lum
357 1203 504 1249 coyito?
542 1199 610 1238 Sic
639 1199 743 1237 enim
770 1197 1053 1251 μονογέροντας
1080 1200 1257 1241 Oehlero
1290 1202 1452 1255 quidem
1482 1203 1587 1241 ‘sine
1614 1202 1720 1240 omni

239 1269 487 1308 dubitatione
519 1270 737 1321 legendum
767 1268 980 1308 videbatur
1004 1273 1126 1319 esse',
1162 1285 1209 1310 ac
1231 1273 1419 1325 probavit
1441 1276 1529 1310 eam
1551 1273 1719 1323 scriptu-

237 1354 323 1378 ram
360 1341 454 1379 olim
494 1342 551 1388 ei,
597 1353 716 1392 quem
745 1337 995 1378 M'ercklinus
1021 1340 1181 1389 laudat,
1219 1343 1409 1390 Hertzio,
1455 1355 1575 1395 quem
1605 1347 1719 1394 puta-

238 1411 364 1449 verim
394 1410 514 1448 hodie
538 1423 614 1448 nec
644 1410 758 1448 illam
787 1422 863 1447 nec
894 1410 994 1448 alias
1026 1411 1222 1463 quasdam
1247 1417 1331 1450 tum
1351 1412 1512 1463 quidem
1532 1410 1739 1450 laudatas·

239 1470 554 1529 emendationes,
587 1482 621 1520 si
652 1481 713 1519 dis
743 1481 893 1532 placet,
926 1480 1194 1520 Oehlerianas
1224 1464 1495 1533 probaturum.
1546 1474 1719 1534 Ego'de

236 1552 314 1589 hoc
342 1551 453 1599 loco,
482 1564 601 1604 quem
630 1553 775 1594 misere
806 1552 1070 1603 depravatum
1099 1551 1192 1590 libri
1229 1552 1351 1604 (Non.
1384 1566 1423 1604 p.
1455 1558 1535 1600 458,
1563 1550 1626 1603 25)
1659 1551 1719 1589 of·
1776 1598 1779 1601 Ι
1838 1546 1843 1550 ’

237 1623 372 1660 ferunt
399 1623 455 1677 *in
496 1622 602 1660 hunc
642 1622 824 1660 modum:
871 1636 921 1660 an
955 1633 1263 1670 monucepmcac,
1310 1635 1442 1661 meum
1481 1622 1590 1660 facio
1618 1621 1719 1659 illud

238 1691 458 1742 Scaligeri:
505 1691 627 1743 ‘quid
665 1692 840 1731 voluerit
877 1694 1007 1732 Varro
1042 1693 1203 1742 nescio,
1245 1693 1342 1745 quid
1380 1694 1556 1732 noluerit
1600 1693 1718 1731 seio?

237 1762 320 1801 Sed
356 1768 400 1800 ut
436 1774 671 1812 germanum
703 1762 757 1800 sit
791 1762 912 1810 illud,
951 1761 1058 1814 quod
1095 1775 1148 1801 ne
1185 1762 1397 1814 probabile
1435 1763 1597 1816 quidem
1629 1775 1719 1801 esse

237 1832 430 1880 concedo,
459 1832 554 1871 inde
585 1832 940 1882 sexagenariorum
968 1833 1185 1882 vestigium
1214 1834 1537 1884 aucupari,·hoc
1569 1839 1644 1881 est,
1675 1838 1719 1870 ut

234 1917 375 1942 verum
404 1904 547 1950 fatear,
577 1903 732 1953 nugari.
1421 1906 1425 1909 ’

351 1973 508 2026 Quodsi
539 1973 779 2024 Sexagessis
809 1985 890 2010 non
919 1972 1068 2023 poterit
1099 1985 1189 2009 cum
1218 1972 1281 2010 his
1310 1970 1400 2022 περὶ
1428 1969 1625 2023 ἐξαγωγῆς
1651 1983 1717 2010 co-

234 2044 385 2097 pulari,
421 2057 502 2082 non
538 2043 667 2093 magis
698 2043 848 2090 altera,
887 2042 1170 2097 quam‘tetigit
1197 2042 1467 2090 Mercklinus,
1510 2043 1632 2090 ratio,
1674 2047 1719 2080 ut

232 2116 295 2154 his
324 2128 366 2154 π.
387 2112 437 2162 ἐξ.
459 2114 741 2166 praemittatur
771 2113 910 2151 titulus
941 2114 1068 2161 Lonqe
1086 2113 1189 2161 fuyit
1209 2115 1275 2160 qui
1293 2123 1383 2150 suos
1400 2114 1514 2162 fuyit,
1547 2125 1625 2165 quo
1647 2110 1717 2150 ad-

233 2187 394 2225 iuvetur
423 2175 615 2237 dispici0‚
655 2184 732 2221 nisi
762 2182 871 2234 quod
898 2196 1020 2220 unum
1050 2181 1122 2220 sub
1155 2182 1232 2220 hoc
1261 2182 1378 2220 titulo
1412 2182 1579 2220 allatum
1609 2182 1717 2231 frag-

233 2261 411 2294 mentum
434 2256 650 2293 stoicorum
675 2252 913 2304 paradoxon
932 2252 1074 2302 tangit.
1117 2251 1231 2289 Nihil
1248 2251 1378 2290 dicam
1394 2265 1514 2304 porro
1534 2251 1585 2290 de
1602 2252 1717 2290 titulo

233 2322 321 2376 περὶ
351 2325 545 2375 κεραυνοῦ
574 2322 706 2375 deque
729 2323 805 2374 hoc
831 2321 904 2368 Δὶς
924 2320 1061 2378 παῖδες
1082 2320 1121 2359 οἱ
1142 2318 1332 2372 γέροντες,
1365 2335 1485 2374 quem
1508 2335 1598 2360 cum
1617 2322 1716 2361 Pm-

233 2394 391 2433 metheo
430 2394 617 2444 coniungi
655 2393 884 2431 dubitanter
921 2392 1134 2444 Roeperus
1166 2393 1315 2440 suasit,
1347 2392 1420 2430 sed
1449 2403 1616 2443 pergam
1644 2403 1718 2443 per

233 2466 431 2515 ingratam
459 2463 556 2500 mihi
582 2470 622 2501 et
644 2463 868 2501 taediosam
886 2461 1091 2500 refutandi
1112 2475 1274 2513 operam
1299 2462 1352 2500 ad
1377 2462 1537 2500 tertium
1556 2460 1717 2499 Merck-

232 2535 408 2572 linianae
448 2533 731 2584 disputationis
768 2532 988 2584 capitulum
1006 2562 1015 2579 ,
1061 2545 1139 2583 quo
1179 2531 1232 2570 ad
1267 2531 1437 2570 traditas
1473 2525 1628 2582 priores
1656 2531 1716 2568 in—

235 2604 495 2655 scriptionum
521 2608 657 2654 par-tes
676 2601 816 2640 studet
835 2603 987 2656 alteras
1010 2602 1238 2653 anquirere,
1271 2601 1413 2653 quibus
1441 2597 1718 2651 argumentum

235 2687 382 2725 graece
424 2674 684 2724 significetur.
751 2671 815 2709 Ac
861 2685 934 2723 per
975 2685 1018 2710 se
1063 2671 1226 2724 quidem
1274 2684 1355 2709 non
1400 2671 1717 2723 improbabiliter
1761 2664 1769 2671 ’

234 2746 443 2795 Meleayris
487 2745 613 2783 fuisse
657 2738 746 2788 περὶ
787 2736 920 2791 θήρας
969 2742 1010 2779 in
1060 2742 1303 2779 consortium
1351 2741 1489 2779 addita.
1527 2739 1713 2779 coniecit.

236 2814 360 2852 Cuius
391 2814 552 2864 generis
584 2812 676 2858 alia,
708 2810 758 2849 ab
790 2823 840 2849 ea
868 2812 1075 2862 profectus
1106 2810 1342 2862 suspitione,
1372 2824 1446 2862 per
1468 2811 1586 2848 huius
1607 2821 1711 2846 com-

233 2885 489 2921 mentationis
527 2882 866 2934 opportunitatem
906 2882 1055 2932 protuli
1093 2881 1319 2931 complura,
1365 2880 1509 2932 quibus
1532 2892 1612 2921 non
1642 2878 1712 2916 mi-
