1898 3236
211 229 264 271 88
782 238 1122 270 conchANEA.

213 343 386 383 dubitari
432 343 599 391 debeat,
644 344 742 382 licet
784 343 920 396 paullo
959 344 1110 383 minore
1142 357 1262 396 quam
1298 345 1443 397 reliqui
1477 351 1689 385 venustate

213 419 360 452 currat.
403 413 523 464 Certe
554 427 643 465 ego,
679 415 712 453 si
743 414 831 467 quis
858 414 1158 467 transponendo
1189 414 1412 467 spondeum
1431 421 1526 455 ante
1545 415 1690 467 pedem

212 484 393 523 ultimum
430 498 618 523 amovere
654 471 803 524 {renen
842 487 882 523 in
908 486 1058 524 ve'strae
1084 487 1219 523 curiae
1243 485 1413 534 fae'cem,
1452 492 1492 525 et
1519 487 1559 525 in
1588 488 1688 526 Mei-

211 556 407 594 nekianoz
437 556 580 594 ca'lcem
610 558 662 594 ad
684 551 894 593 candidam
913 555 1017 602 sivit,
1054 555 1131 594 hoe
1158 570 1238 594 non
1268 558 1395 607 magis
1426 557 1691 610 approbarem

213 640 333 678 quam
362 627 395 665 si
426 626 489 664 cui
518 625 559 663 in
589 612 737 663 K'oehii
763 625 948 664 versibus
976 624 1079 664 haee
1110 625 1313 672 distinctio
1340 627 1541 679 placeret:

415 747 421 753 .
455 746 463 753 .
498 746 504 752 .
539 745 545 752 .
577 717 679 753 Ῐιάηε
710 728 820 754 vocas
850 728 869 754 e
899 716 1044 765 liquida
1072 718 1146 754 vita
1176 719 1215 754 in
1241 718 1374 755 cariae

422 787 579 831 Ve'strae
605 788 767 836 faecem.

418 904 420 907 .
456 888 463 895 .
495 871 580 903 cum
606 871 727 908 neque
757 859 888 908 dptam
916 860 1036 896 mollis
1068 860 1208 897 timeris
1232 861 1389 907 fibula'm
1417 871 1534 908 sayus

413 929 564 967 Fe'rret.

211 1006 294 1045 Sed
323 1019 402 1058 quo
434 1008 580 1046 certius
607 1013 787 1060 apparet,
820 1008 1043 1047 Varronem
1069 1021 1150 1046 non
1175 1007 1335 1059 quidvis
1360 1007 1436 1047 sibi
1455 1009 1496 1046 in
1516 1008 1578 1046 his
1600 1021 1689 1046 ver-

211 1077 322 1116 sibus
357 1079 612 1130 permisisse,
651 1092 698 1116 eo
737 1077 1011 1116 incredibilius
1051 1076 1100 1115 ab
1141 1077 1283 1116 eodem
1313 1078 1472 1117 Kochio
1503 1079 1543 1116 in
1574 1091 1687 1116 exer-

211 1147 466 1188 citationibus
505 1163 545 1201 p.
587 1154 631 1190 29
668 1148 744 1186 hoc
783 1147 1031 1186 horridulum
1059 1161 1202 1187 versus
1233 1137 1489 1187 simulacrum
1518 1149 1690 1188 Varroni

210 1219 415 1259 tribuitur:
1490 1213 1493 1216 ,

349 1325 388 1362 p.
419 1315 488 1351 213
537 1310 658 1348 Acciti
685 1321 816 1347 sumus
844 1315 885 1347 ut
914 1312 1233 1358 depontaremur:
1261 1323 1436 1347 murmur
1463 1313 1507 1358 fit
1532 1322 1642 1347 verus

209 1414 314 1452 quae
359 1399 531 1438 dubitari
575 1404 709 1451 potest
745 1412 839 1437 num
875 1399 1034 1437 omnino
1072 1404 1262 1447 metrum,
1302 1399 1451 1438 nedum
1489 1397 1689 1437 scazontis

209 1483 436 1508 mensuram
465 1469 699 1522 praebeant.

320 1540 416 1579 Pari
445 1541 663 1578 severitate
694 1539 822 1579 Varro
853 1553 948 1578 usus
977 1545 1039 1578 est
1070 1540 1112 1577 in
1138 1538 1326 1577 'iambicis
1357 1540 1546 1578 trimetris
1577 1540 1687 1579 clau-

209 1610 284 1658 dis,
320 1611 362 1648 in
386 1609 530 1661 quibus
563 1610 744 1661 quintum
771 1609 918 1662 pedem
948 1614 1179 1648 constanter
1203 1622 1346 1660 purum
1372 1609 1553 1648 'iambum
1576 1611 1687 1658 feeit,

208 1680 427 1732 spondeum
460 1694 484 1718 a
512 1678 676 1730 paribus
709 1678 873 1718 sedibus
903 1681 1043 1732 procul
1066 1679 1217 1726 habuit,
1250 1679 1449 1717 solutione
1473 1680 1573 1718 arsis
1598 1679 1687 1718 abs-

167 1801 175 1806 *
207 1751 338 1788 tinuit.
399 1749 535 1788 Semel
567 1750 607 1787 in
640 1748 846 1798 undecim,
890 1751 959 1802 qui
988 1756 1148 1797 extant,
1180 1749 1364 1788 versibus
1393 1750 1544 1801 primae
1577 1749 1686 1801 dipo-

209 1820 300 1859 diae
337 1819 484 1858 thesim
523 1819 692 1858 alteram
724 1819 932 1872 produxit,
973 1825 1017 1858 et·
1050 1820 1148 1860 item
1184 1820 1309 1858 semel
1345 1820 1515 1872 primum
1543 1819 1690 1871 pedem

209 1890 455 1943 dactylicum
485 1890 592 1928 fecit.
1029 1887 1035 1889 ⁴

346 1995 385 2032 p.
418 1985 482 2022 137
539 1980 819 2038 Tumstdnique
845 1984 965 2018 omnis
994 1983 1079 2018 etim
1105 1983 1264 2019 lucerna
1292 1981 1520 2019 cdmbzzstast

530 2052 578 2089 In
609 2053 844 2089 lice-ubrando
873 2051 1094 2100 ole'vitasque
1123 2052 1382 2099 co'nsz'cmptast

207 2155 231 2178 a
259 2142 465 2180 Meinekio
496 2142 739 2193 recuperati.

347 2246 386 2283 p.
424 2239 487 2273 159
535 2235 611 2270 Aut
640 2232 703 2269 ille
733 2244 886 2270 cervum
917 2232 986 2280 qui
1014 2232 1199 2270 volatile'm
1230 2233 1393 2269 ct'crrens

533 2303 658 2350 Sparo'
683 2307 835 2340 secutus
865 2303 1063 2351 tra'yulave
1093 2302 1256 2340 tra'ie'cit.

207 2392 273 2429 De
305 2391 449 2443 quibus
482 2391 564 2429 dixi
594 2406 634 2443 p.
665 2397 724 2432 62.

346 2495 385 2533 p.
417 2487 485 2521 229
534 2483 612 2518 Nec
641 2483 924 2518 mz'clcinummus
947 2482 1066 2529 piscis
1096 2471 1147 2518 ex
1172 2482 1253 2518 salo'
1281 2482 1420 2528 cdptus

533 2552 677 2598 Helo'ps
709 2562 830 2599 neque
860 2557 988 2589 ostrea
1018 2551 1085 2588 illa
1108 2564 1248 2600 mayna
1274 2551 1431 2598 cciptdta

206 2656 230 2680 a
260 2641 469 2692 Scaligero
500 2641 687 2680 restituti.

345 2745 384 2782 p.
417 2738 484 2773 138
538 2733 665 2779 Neque
694 2730 734 2768 z'n
755 2732 932 2778 pollubro
956 2725 1112 2780 mystico
1141 2712 1301 2779 coqudm
1328 2731 1467 2768 ca'rnes

531 2802 672 2847 Quibus
695 2803 869 2839 satullem
899 2803 1066 2849 co'rpora
1096 2815 1141 2840 ae
1167 2803 1311 2850 fame'm
1343 2802 1494 2839 ve'nlris.

143 2880 149 2883 ”
208 2878 311 2918 Vide
342 2892 446 2930 quae
476 2880 611 2918 monui
640 2893 679 2931 p.
709 2884 765 2919 41.
1254 2899 1271 2915 ο.
